2310 3846
184 122 251 189 ³94
422 107 790 173 oroutnonntt:

128 242 141 299 3
188 202 364 283 Accidebat
387 224 495 279 autem
521 209 716 305 quotidianis
740 207 1016 304 pabulationibus,

191 308 207 399 s
217 307 250 377 id
267 304 356 400 quod
366 307 514 379 accidere
522 323 587 382 erat
600 305 740 392 necesse,
761 334 836 379 cum
852 315 931 379 raris
950 308 1018 378 dis-

190 408 345 501 iedtisque
359 432 398 479 ex
415 409 552 479 aediliciis
576 411 729 505 pabulum
749 414 1019 504 conquireretur)

189 508 1019 607 vtimpoditislocisdispersrpabulatorescircumue-

107 616 139 691 ’4
182 609 351 683 mirentur:
402 635 470 706 quae
479 636 527 682 res
536 611 591 683 etsi
604 614 768 683 mediocre
783 612 1019 683 detrimentum

190 714 412 785 iumentorum
436 711 656 784 aeserunium
683 714 798 784 nostris
829 709 1019 798 adferebat,

37 848 42 867 ¹
110 886 164 913 a·
190 826 303 885 tamen
320 812 426 885 stultas
449 819 659 910 cogitationes
686 813 837 885 incitabat
862 812 1020 883 barbaro·

37 978 44 1003 ,
62 944 79 953 ··
107 936 151 1035 p,
191 910 288 1001 run,
303 930 397 1010 atque
416 942 457 986 eo
472 922 575 1011 magis
592 964 604 1005 ,
622 917 713 1011 quod
730 921 893 998 Comius,
916 940 1017 1007 quem

24 1060 29 1099 =.
120 1032 155 1129 »θ’
190 1010 379 1117 profedlum
395 1017 435 1089 ad
451 1018 564 1089 auxilia
580 1021 822 1088 Germanorum
839 1012 1031 1087 arcess'enda'

1 1144 10 1166 -·
108 1184 112 1189 .
138 1148 158 1225 q
188 1114 358 1203 dixeram,
379 1143 454 1188 cum
471 1119 632 1213 equitibus
648 1136 801 1195 venerat:
825 1122 879 1213 qui
894 1114 1019 1187 tametli

108 1224 112 1233 '
153 1230 156 1235 '
190 1240 332 1289 numero
353 1244 424 1289 non
445 1219 581 1316 amplius
601 1239 693 1292 erant
717 1223 899 1317 quingentis
927 1267 938 1301 ,
969 1236 1021 1287 ta·

110 1384 127 1411 .,
192 1344 272 1391 men
296 1322 694 1403 Germanorumaduentu
709 1321 833 1392 barbari
857 1318 1020 1392 inflaban-

90 1430 141 1489 xt
160 1430 164 1437 '
191 1434 254 1491 tur.
372 1421 475 1493 Caesar
481 1471 492 1508 ,
505 1448 579 1492 cum
593 1423 860 1494 animaduerteret
867 1421 1017 1510 ,hostem

193 1520 376 1620 complures
397 1524 464 1595 dies
486 1525 591 1595 eastris
614 1524 782 1621 palude&
803 1525 882 1597 loci,
906 1540 1027 1592 natura

193 1622 373 1696 munitisse
394 1642 530 1697 tenere:
564 1651 670 1720 neque
704 1651 890 1723 oppugnare
921 1622 1020 1693 castra

193 1750 309 1799 eorum
316 1772 329 1810 ,
343 1724 408 1795 line
415 1726 802 1820 dimicationepernicrosa
810 1776 823 1814 ‚
837 1750 897 1795 nec
906 1725 1019 1795 locunt

190 1824 427 1899 munitionibus
448 1825 577 1907 claudi,
602 1826 659 1895 nili
680 1852 697 1897 a
719 1830 846 1905 maiore,
865 1831 1022 1911 exercitu,

189 1924 300 2025 polle,
317 1926 435 1997 litteras
453 1927 493 1995 ad
501 1924 700 1996 Trebonium
718 1932 837 2016 mittit,
853 1941 888 1995 vt
897 1951 1023 2017 ,quam

190 2026 358 2103 celerrime
381 2023 503 2124 pollet,
536 2026 697 2119 legionem
725 2051 818 2107 arri,
843 2051 912 2122 quae
937 2050 1019 2099 cum

190 2124 1021 2227 T-SextiolegatoinBiturigibushiemabanarcelle·

138 2310 141 2315 ¹
189 2246 260 2315 ret,
275 2246 371 2326 atque
381 2235 423 2301 ita
436 2257 512 2304 curn
531 2231 778 2327 rrrlegionibus
786 2234 911 2327 magnis
923 2233 1020 2300 itine-

121 2342 138 2385 ¹
189 2330 519 2405 ribusadseveniret:
571 2333 635 2433 ipse
655 2342 776 2433 equites
793 2340 931 2405 inuicem
949 2335 1017 2403 Re-

82 2516 87 2525 *
186 2456 318 2507 morum
327 2482 340 2521 ,
355 2459 391 2504 ac
406 2439 613 2531 Lingonum,
628 2439 884 2534 reliquarumque
903 2437 1018 2504 ciuita-

187 2546 279 2615 tum,
293 2560 435 2629 quorum
450 2565 607 2635 magnum
621 2565 795 2612 numerum
816 2549 1017 2617 euocauerat,

186 2633 334 2731 praestdio
364 2636 622 2734 pabulationibus
653 2647 782 2728 mittit,
814 2644 870 2735 qui
902 2637 1018 2708 subitas
1055 2634 1060 2641 ’

1 2753 18 2817 ¹„
51 2724 127 2825 m
187 2736 743 2817 hostiumincutlionessustinerent.
828 2738 1018 2836 Qodcum

17 2848 23 2857 '
107 2834 129 2855 ²
187 2836 448 2932 quotidiefieret,
469 2868 506 2912 ac
522 2848 586 2912 iarn
606 2844 835 2915 consuetudine
853 2842 1020 2935 diligentia

184 2943 403 3020 minueretur,
428 2943 536 3037 (quod
553 2943 743 3040 plerumque
762 2944 874 3016 accidit
892 2943 1020 3012 diutur-

184 3046 299 3125 nitate)
313 3042 473 3113 Bellouaci
483 3043 603 3114 deledla
614 3072 712 3119 manu
723 3047 889 3144 peditum3
905 3048 1020 3139 cogni·

184 3147 225 3212 tis
243 3142 428 3231 stationibus
444 3147 639 3241 quotidianis
658 3158 804 3243 equitum
821 3147 1021 3229 nostrorum,

114 3262 130 3305 ²
186 3244 375 3319 salnellnbus
393 3246 477 3315 locis·
489 3247 614 3317 infidias
631 3250 825 3347 disponunt,
878 3248 1020 3318 eodem·

185 3372 248 3449 que
268 3350 388 3450 equites
408 3349 536 3456 postero
552 3348 603 3425 die
620 3357 753 3427 mittunt
769 3401 782 3441 ,
805 3354 859 3446 qui
875 3357 1021 3448 primum

957 3452 1020 3522 eli·
