2310 3846
360 91 390 157 '.
456 70 683 132 urrunnu·
914 89 985 138 101.

134 168 345 240 dimicaturos
361 171 599 257 existimabant,
622 187 729 243 tamen
744 175 841 243 tutius
850 169 910 245 elle
919 201 969 245 ar·
1005 196 1008 209 ·
1059 190 1061 199 ’

133 271 362 355 bitrabantur,
389 272 516 344 obsellis
541 280 627 361 uiis,
655 292 840 358 commeatu
864 276 968 346 inter·

131 374 246 453 cluso,
270 373 336 444 sne
362 374 430 443 vllo
452 375 584 445 vulnere
607 377 737 445 villoria
759 362 875 469 potiri·
925 380 960 448 &
1009 401 1022 456 3
1095 389 1121 437 β

130 477 155 547 sr
176 489 304 572 propter
319 478 519 570 inopiamrei
510 474 746 546 frumentaria
761 477 957 548 Romanise·
1042 484 1046 493 “

126 578 162 650 se
177 581 315 670 recipere
336 571 524 671 coepillent,
550 577 720 670 impeditus
744 582 897 692 agmine,
918 583 953 651 &

127 678 185 752 sub
207 674 334 746 sarcinis
358 674 526 746 inferiores
548 683 659 752 animo
685 670 810 745 adoriri
827 680 953 787 cogita·
1010 672 1017 680 ’
1080 760 1083 767 ¹

125 781 213 850 bant.
264 781 340 846 Hoc
352 775 438 846 cons
441 777 486 846 lio
501 774 638 871 probato
653 776 692 844 ab
702 776 853 861 ducibus,
876 803 954 872 pro·
984 805 1023 863 4
1130 850 1140 858 κ

125 881 227 950 ductis
240 881 467 946 Romanorum
490 879 589 973 copiis
608 921 631 959 ,a
654 875 716 947 sese
735 877 953 963 castrisirene-
1088 887 1093 898 '

123 981 211 1050 bant.
263 979 325 1047 hac
342 1001 375 1059 re
383 975 563 1072 perspelta,
587 975 794 1048 Crassuscum
810 976 950 1048 suacun·
1002 1010 1015 1067 5

121 1084 264 1152 &atione
277 1091 371 1172 atque
387 1080 561 1172 opinione,
577 1079 754 1149 timidiores
768 1076 948 1163 hostesne·

119 1184 203 1253 litos
217 1179 331 1247 milites
353 1177 517 1252 alacriores
539 1177 579 1247 ad
598 1182 808 1275 pugnandum
824 1178 947 1250 effecis-
1039 1234 1044 1243 .
1063 1184 1066 1191 ’

69 1314 72 1321 ·
119 1282 188 1367 set,
211 1295 305 1374 atque
319 1283 465 1350 omnium
483 1305 576 1349 voces
597 1281 809 1367 audirentur,
835 1280 978 1378 nispe-²

118 1380 322 1453 &aridiutius
339 1403 406 1449 non
423 1398 594 1476 oportere,
615 1386 694 1475 quin
717 1382 757 1450 ad
772 1382 865 1473 qastra
884 1387 945 1469 ire·
1012 1372 1021 1401 ⁹
1050 1417 1058 1455 ·.

116 1491 189 1568 tur,
213 1480 396 1550 cohortatus
426 1480 527 1570 suos,
552 1482 705 1552 omnibus
726 1481 943 1578 cupientibus,
1043 1510 1045 1521 ¹
1137 1564 1140 1569 y

113 1586 156 1657 ad
171 1583 311 1652 hostiurn
328 1581 424 1651 castra
439 1583 617 1654 contendit.
736 1673 738 1676 .
776 1582 825 1651 lbi
840 1585 941 1661 eumj
969 1607 1063 1672 xxv

112 1688 167 1758 alii
183 1680 276 1754 follas
296 1683 515 1780 complerent,
541 1685 611 1769 alii,
646 1679 755 1768 inultis
771 1683 840 1753 telis
857 1708 940 1752 con·
999 1715 1001 1718 >

112 1789 220 1870 ieffis,
242 1781 423 1855 defensores
455 1785 541 1855 vallo
564 1784 862 1879 munitionibusque
879 1784 939 1854 de—

110 1889 289 1986 pellerent,
315 1886 569 1980 auxiliaresque,
589 1885 705 1979 quibus
732 1887 771 1955 ad
793 1911 937 1982 pugnam

109 2015 180 2060 non
188 1987 327 2057 multum
339 1983 464 2055 Crallus
487 1986 692 2070 confidebat,
713 1987 869 2083 lapidffius
884 2002 935 2057 te·
951 2012 958 2026 ·

108 2091 210 2184 lisque
232 2087 532 2168 subministrandis,
569 2088 664 2158 &ad
694 2113 854 2183 aggerem.
883 2113 934 2159 ce·

106 2190 532 2308 spitibus'cornportandis,
572 2188 707 2284 speciem
734 2205 829 2284 atque
859 2194 935 2285 opi·
1027 2195 1030 2200 ’

105 2297 240 2361 itionem
257 2293 469 2384 pugnantium
488 2289 681 2386 praeberent,
696 2315 770 2359 curn
794 2299 873 2360 item
895 2289 935 2358 ab
1037 2357 1041 2373 ,

105 2387 249 2463 hostibus
265 2390 445 2459 constanter
461 2416 495 2459 ac
511 2416 579 2460 non
593 2391 704 2460 timide
725 2406 964 2493 pugnaretur,

103 2495 231 2588 telaque
244 2515 283 2562 ex
297 2491 373 2559 loco
388 2490 547 2587 superiore
566 2488 653 2561 milla
674 2517 743 2563 non
762 2490 875 2573 frullra
891 2516 937 2562 ac·

100 2597 262 2677 uiderent,
307 2597 450 2684 equites,
459 2596 593 2664 circuitis
634 2593 797 2662 hostium
810 2590 933 2676 austria,
978 2617 992 2654 ι
1091 2672 1099 2678 .

101 2691 213 2766 Crasso
229 2699 512 2779 renuntiauerant,
522 2719 589 2764 non
599 2694 709 2764 eadem
725 2690 934 2788 ellediligen·

99 2801 144 2865 tia
159 2796 199 2865 ab
216 2794 392 2863 decumana
408 2814 500 2889 porta
517 2797 610 2865 castra
626 2799 748 2864 munita
758 2845 770 2881 ,
787 2792 933 2865 facilem·

97 2894 435 2990 queaditumhabere.
552 2894 677 2975 Crallus
696 2903 933 3064 equitumprfae·
965 2894 1077 2968 xxvi

896 3023 929 3066 e
1062 3030 1065 3035 .

92 3131 181 3187 CAP.
190 3141 273 3183 xxv.
281 3147 303 3182 z.
319 3126 352 3180 ab
365 3127 505 3183 decumana
515 3131 614 3207 porta]
630 3130 688 3206 qitae
708 3124 799 3183 auersa
807 3120 842 3181 ab
857 3121 933 3193 hoste

138 3227 222 3278 erat,
249 3226 279 3264 vt
293 3208 375 3286 supra
388 3229 434 3282 11,
450 3232 482 3284 24
498 3211 635 3270 ostensum
650 3210 696 3267 est.
712 3229 795 3268 narn
804 3214 933 3266 Romano
1003 3224 1005 3233 ’

133 3312 232 3362 more,
248 3313 281 3350 ex
293 3296 413 3353 Sertorii
432 3294 593 3377 disciplina,
601 3295 685 3354 castra
706 3295 937 3358 communierant.

130 3400 158 3436 c.
180 3398 215 3452 23
655 3383 681 3436 G
705 3396 723 3459 3
834 3433 837 3436 .
907 3402 910 3406 ·
