2310 3846
164 130 228 211 596
313 167 319 179 -
402 126 613 189 A.H1RT11
645 126 776 186 LIBER

168 216 342 316 intersunt,
364 246 437 305 tum
444 238 599 333 praecipue
615 236 683 323 eis,
717 226 996 328 quibuemhilra

167 339 260 407 tione
274 338 380 430 potuit
394 334 615 407 administrari.
764 337 901 431 Magno
908 351 995 433 atquc

168 436 235 509 acri
249 441 396 506 cominus
413 437 529 535 proelio
544 432 633 507 fadlo
641 483 654 521 ,
668 432 783 506 dextro
796 458 994 533 cornu,quu

170 551 318 609 veterana
332 539 418 635 legio
434 564 475 611 vr
491 553 558 610 crat
571 536 724 609 collocata
732 540 889 622 ‚initium
897 542 994 611 vidlo·

171 642 224 711 riae
248 660 362 711 natum
383 638 429 711 est
452 642 492 711 ab
512 664 549 711 ea
564 653 674 738 parte,
702 662 778 709 cum
799 646 838 711 in
854 638 993 737 procliue
1022 724 1025 733 Ι

171 736 413 813 detruderentur
433 740 568 824 hostes,
595 740 699 812 multo
713 738 838 813 tardius
854 790 869 831 ,
886 740 941 815 sed
954 758 993 831 ta·
1029 787 1031 825 ,

171 866 250 911 men
266 842 378 914 iisdem
392 842 453 913 diis
478 838 719 925 adiuuantibus,
739 840 873 915 sinistro
886 868 992 931 cornu,
1029 838 1031 861 '

97 962 100 969 '
170 943 340 1037 mediaque
361 948 445 1029 acie,
466 959 541 1015 totae
555 940 766 1040 profligantur
783 948 892 1041 copiae
905 950 992 1041 tegis.

166 1068 339 1141 quaequam
360 1040 775 1139 facilesubierantiniquum
789 1042 992 1131 locuuntur

163 1144 308 1217 celeriter
315 1146 416 1245 gradu
428 1142 540 1245 pulsae,
559 1145 785 1243 premebantur
800 1147 991 1245 lociiniqui·

165 1260 239 1317 tate.
273 1251 396 1343 itaque,
421 1248 530 1318 multis
547 1246 702 1319 militibus
718 1252 840 1345 partim
863 1246 990 1323 interfe-
1012 1280 1022 1321 ·.

165 1349 244 1433 dtis,
265 1344 619 1446 partimsuorumruina
635 1344 788 1447 oppreffis
795 1398 808 1437 ‚
824 1356 888 1446 qui
903 1350 990 1423 velo-

163 1454 257 1520 citate
272 1444 413 1545 effugere
430 1467 598 1548 poterant,
628 1455 724 1523 armis
745 1466 863 1523 tamen
883 1457 989 1551 proie-

164 1552 239 1636 ctis,
259 1552 375 1623 vallem
392 1544 569 1649 transgressi
589 1552 670 1623 nihil
678 1578 718 1625 ex
739 1550 816 1623 loco
825 1552 989 1651 superiore

105 1664 119 1721 3
164 1658 301 1725 inermes
326 1651 448 1727 efficere
463 1666 621 1751 poterant.
671 1670 703 1725 at
716 1653 835 1737 nostri,
855 1656 988 1727 dictoris

162 1754 259 1837 elati,
285 1754 387 1839 subire
402 1760 550 1851 iniquum
566 1754 702 1839 locum,
725 1758 990 1853 munitionesque

161 1856 292 1951 adgredi
309 1880 378 1926 non
392 1853 586 1927 dubitarunt.
610 1842 862 1929 defendentibus
883 1874 989 1931 autem

159 1960 199 2027 iis
215 1950 402 2027 cohortibus
424 1960 538 2037 castra,
562 1983 637 2051 quas
652 1959 828 2029 Pharnaces
843 1959 1008 2055 praefidio-

157 2058 349 2151 reliquerat,
373 2057 515 2128 celeriter
529 2062 633 2129 calln's
651 2058 793 2129 hostium
806 2058 884 2131 sunt
902 2058 989 2160 poti·

80 2174 101 2229 4
158 2162 194 2228 ti.
246 2154 412 2229 interfedla
439 2158 645 2231 multitudine
669 2164 761 2231 omni
776 2208 789 2247 ,
816 2177 872 2233 aut
900 2178 988 2261 capta

158 2256 310 2345 suorum,
341 2262 514 2333 Pharnaces
533 2286 607 2333 cum
624 2266 729 2359 paucis
739 2262 902 2357 equitibus
910 2289 987 2361 pro·

158 2358 253 2455 fugit.
278 2366 327 2432 cui
360 2360 417 2433 nifi
439 2364 613 2433 castrorum
640 2368 843 2461 oppugnatio
857 2362 985 2438 faculta-

158 2478 224 2533 tem
235 2456 380 2533 attulillct
395 2460 522 2536 liberius
538 2462 903 2559 profugiendi,viuusin
914 2472 981 2539 Cae·

1 2558 147 2623 {axxvll
159 2563 232 2637 saris
247 2565 595 2663 potestatcmaddudlus
610 2562 695 2637 cllet.
846 2568 914 2639 Tali
928 2573 979 2640 vi-

159 2670 259 2737 dloria
277 2670 371 2738 toties
389 2657 491 2740 vidior
508 2662 608 2737 Caesar
625 2658 801 2740 incredibili
819 2666 865 2744 est
878 2672 980 2743 laetitia

156 2766 301 2840 adfectus
319 2819 330 2853 ‚
354 2768 442 2863 quod
460 2773 637 2839 maximum
654 2770 776 2842 bellum
798 2789 885 2845 tanta
898 2773 979 2845 celc-

39 2948 43 2954 ,
155 2872 247 2941 ritate
269 2866 470 2941 confecerat:
494 2886 624 2963 eratque
654 2868 744 2942 subiti
773 2876 908 2969 periculi
930 2902 976 2947 re·-

154 2972 341 3042 cordatione
355 2970 477 3054 laetior,
502 2971 591 3065 quod
605 2974 850 3047 vidioriafacilis
866 3002 905 3050 ex
915 2974 980 3049 dif-

89 3082 104 3119 ¹
152 3068 576 3143 ficillimisrebusacciderat.
626 3078 731 3146 Ponto
748 3094 1004 3177 receptoque·¹

151 3171 192 3243 da
215 3178 312 3244 ‘omni
336 3180 421 3267 regia
444 3172 597 3245 militibus
620 3177 820 3261 condonata,
847 3182 977 3277 postero
998 3182 1001 3189 '

150 3273 203 3346 dic
227 3274 469 3373 cumerpedit-is
486 3274 643 3370 equitibus
652 3276 714 3377 ip'se
741 3278 970 3379 proficiscitur5

925 3369 970 3453 le·

2 308 144 368 LXXVI
