2310 3846
364 110 494 178 insen
542 110 583 168 rr.
839 113 890 194 67

47 213 240 313 coniecisse,
264 241 331 313 quo
353 232 485 316 propter
508 215 638 315 paludes
655 223 804 292 exercitui
819 220 887 291 adi·

49 340 103 394 tus
120 314 292 392 nonelset.
390 369 393 374 -
443 317 886 417 Celanhisrebuscognitis,
922 337 1021 401 XVII

50 423 283 521 exploratores,
296 422 562 514 centurionesque
575 427 737 517 praemittit
747 476 757 509 ,
768 428 823 519 qui
831 425 895 494 lo·'

51 551 131 598 curn
156 522 259 593 castris
284 520 441 592 idoneum
467 521 617 616 deligant.
676 509 827 618 Cumque
842 549 882 601 ex
931 566 956 607 2.

52 626 209 699 dediticiis
217 623 322 717 Belgis
336 669 348 706 ‚
364 624 557 717 reliquisque
565 623 676 708 Gallis,
686 625 883 721 complures,

54 726 211 800 Caesarem
225 722 340 808 secuti,
356 748 418 793 vna
427 729 487 792 iter
500 721 658 795 facerent:
694 730 826 820 quidam
842 724 884 799 eis

53 829 123 915 his,
140 842 174 897 vt
190 825 298 922 postea
313 849 353 894 ex
367 829 671 920 captiuiscognitum
687 829 750 912 est,
768 850 886 900 eorum

50 931 181 1001 dierum
205 924 435 996 consuetudine
461 930 582 996 itineris
609 926 709 997 nostri
732 932 886 1001 exercitus
1049 1004 1054 1014 ,

54 1029 235 1131 perspesia,
259 1026 412 1111 nosiead
427 1032 569 1099 Neruios
584 1046 817 1122 peruenerunt,
837 1045 887 1101 at·
1005 1028 1009 1033 ’

56 1157 122 1229 que
139 1132 190 1199 his
206 1126 480 1210 demonstrarunt,
495 1132 577 1198 inter
592 1127 726 1225 fingulas
740 1130 886 1226 legiones

52 1230 369 1329 impedimentorum
388 1253 543 1324 magnum
560 1254 732 1302 numerum
748 1236 888 1303 interce·

55 1333 159 1420 ¹aiere,
174 1354 279 1426 neque
293 1325 351 1402 else
365 1328 541 1425 quidquem
553 1336 677 1426 negotii
686 1329 888 1431 ,cumprime

51 1436 151 1530 legio
174 1435 209 1502 in
230 1429 324 1502 castra
347 1426 503 1517 venisset,
527 1431 718 1528 reliquaeque
740 1433 887 1527 legiones

57 1557 219 1630 magnum
237 1531 373 1630 spatium
398 1530 558 1616 abess'ent,
573 1530 655 1602 hanc
687 1532 743 1603 sub
761 1535 887 1605 sarcinis

58 1638 190 1711 adoriri.
237 1659 301 1731 qua
318 1631 730 1732 pulsa,impedimentisque
745 1633 888 1732 direptis,

59 1737 228 1812 sumtum,
246 1752 281 1808 vt
297 1734 427 1829 reliqua
441 1754 549 1808 contra
563 1734 729 1827 coufill'ere
742 1761 812 1808 non
828 1761 884 1807 au·
996 1752 1002 1799 t

63 1841 190 1925 decent.
246 1837 426 1913 adiuuabat
450 1844 546 1911 eriam
569 1862 683 1910 eorum
706 1838 889 1923 consilium,

52 1946 119 2038 rqui
137 1965 208 2012 rem
234 1936 442 2021 deserebant,
465 1936 555 2031 quod
572 1942 685 2009 Neruii
704 1944 892 2034 antiquitus,
964 1942 988 2011 ,’

62 2056 139 2114 cum
156 2045 298 2136 equitatu
321 2039 403 2110 nibil
420 2035 563 2135 possent,
583 2045 714 2134 (neque
737 2046 825 2111 enim
849 2041 891 2110 ad
929 2088 944 2103 a

65 2144 131 2216 hoc
145 2159 272 2237 tempus
287 2144 316 2212 ei
332 2145 378 2209 rei
396 2142 541 2227 student)
556 2138 627 2226 sed,
643 2139 800 2235 quidquid
819 2140 893 2239 pos·

53 2243 154 2328 sunt,
169 2240 365 2340 pedestribus
382 2239 486 2310 valent
499 2245 617 2336 copiis,
627 2249 701 2336 'quo
718 2240 841 2315 facilius
856 2241 893 2310 fi.

67 2349 261 2418 nitimorum
281 2347 484 2438 equitatum,
509 2341 532 2409 st
553 2341 714 2437 praedandi
734 2339 833 2413 caussa
848 2343 892 2414 ad
921 2426 930 2435 p

65 2471 127 2519 eos
144 2439 293 2532 uenisset,
310 2442 520 2541 impedirent,
536 2445 653 2513 teneris
666 2442 833 2514 arboribus
844 2448 896 2514 in·
925 2460 928 2467 ’
945 2498 948 2503 ,

64 2546 137 2619 cilis
158 2560 253 2640 atque
275 2532 417 2627 inflexis,
439 2541 621 2636 crebrisque
642 2547 676 2614 in
696 2543 898 2616 latitudinem
964 2595 979 2624 .

67 2652 168 2720 carnis
186 2649 326 2734 [enatis]
343 2645 478 2716 &rubis
501 2643 702 2740 sentibusque
724 2645 897 2716 interiesiie

32 2783 36 2791 ·
66 2745 263 2833 effecerant,
286 2763 321 2818 vt
340 2747 434 2818 instar
449 2750 533 2816 muri
550 2747 600 2825 hae
615 2743 897 2843 saepesmuninren·
934 2793 937 2800 ,
1058 2831 1066 2842 ,

70 2865 103 2938 er
121 2848 318 2946 praeberent3
337 2871 405 2942 quo
418 2872 488 2919 non
503 2846 606 2922 modo
620 2870 691 2916 non
709 2843 900 2929 intrari,sed
968 2915 970 2918 ,
1001 2890 1007 2907 1

70 2977 114 3024 ne
129 2947 261 3048 perspici
276 2948 407 3042 quidem
417 2944 528 3045 posset.
577 2952 619 3017 Iis
633 2945 726 3018 rebus
751 2972 824 3017 cum
841 2950 901 3038 iter
943 2982 964 3039 ,ς

71 3055 210 3146 agminis
230 3050 331 3131 poliri
348 3049 572 3146 impediretur,
595 3073 664 3121 non
683 3047 899 3119 omittendum

72 3153 131 3224 srbi
146 3150 314 3222 consilium
330 3152 444 3238 Neruii
462 3150 727 3222 existimauerunt.
824 3150 902 3217 Loci
931 3164 1019 3227 xvlu

71 3269 186 3329 natum
209 3266 274 3330 erat
291 3252 382 3338 haec,
407 3275 506 3349 quem
518 3250 627 3424 poliri
648 3250 756 3336 ,castris
770 3245 904 3344 delege-

571 3373 592 3427 2
813 3366 900 3423 rant:
