2310 3846
379 125 509 215 nlnnn
547 129 646 189 v111.
773 152 775 156 ⁴
852 137 922 212 '325

98 229 220 328 -quibne
240 227 386 324 praeltdiis
408 253 459 299 xv
479 228 702 302 deducebatur.
751 227 815 327 ipse
830 257 919 306 exec-
969 251 991 309 t

88 338 200 417 ¹citum
224 330 381 400 distribuit
399 354 456 426 per
485 329 626 401 hiberna.
655 334 695 400 C.
719 330 919 407 Trebonium

101 458 177 503 cum
192 431 373 527 legionibus
395 455 433 499 ιν
451 435 485 500 in
500 430 610 524 Belgio
624 431 759 503 collocat
774 461 785 520 5
814 438 919 507 cta·
949 514 956 535 ι

100 534 194 604 bium
214 532 286 617 mni
304 532 439 603 totidem
469 536 503 601 in
532 531 661 605 Aeduos
690 530 827 604 deducit.
874 534 917 607 fic
972 546 1120 619 ceute.

100 638 188 706 enim
204 629 604 718 existimabat,tutill1mam
619 631 692 703 fore
707 633 871 719 Galliam,
889 635 915 708 fi

99 736 238 829 Belga,
272 757 413 827 quorum
446 738 741 820 maxima·virtus;
787 738 823 806 δι
843 741 914 809 Ae·

97 836 183 919 dui,
202 859 342 930 quorum
366 836 534 906 auctoritas
558 833 678 906 summa
701 830 799 921 effet,
823 862 914 909 exer·

93 935 212 1011 citibut
225 939 473 1029 continerentur.
573 934 641 1033 lpse
653 940 687 1005 in
707 935 914 1036 Italiampro·
953 996 957 1005 .
977 942 1037 1021 Π,

93 1036 202 1113 tectus
216 1037 271 1107 est.
291 1048 364 1130 'quo
380 1062 454 1106 cutn
470 1032 619 1122 millet,
641 1036 829 1131 cognoscit,
856 1064 913 1137 pec

83 1145 139 1211 -Ο,
155 1136 343 1209 Marcellum
368 1136 528 1209 consulem
549 1137 692 1233 legiones
707 1163 740 1207 11
760 1140 799 1208 ab
814 1140 845 1211 se
860 1166 913 1212 re·

95 1236 220 1325 missas,
234 1263 303 1333 quae
324 1263 365 1309 ex
387 1245 418 1329 S.
433 1244 473 1308 C.
489 1237 641 1310 deberent
661 1237 701 1309 ad
732 1241 912 1315 Parthicum

80 1340 218 1431 ,bellum
233 1341 326 1425 duci,
340 1344 403 1410 Cn.
419 1343 572 1436 Pompeio
584 1339 767 1424 transditis,
789 1356 913 1439 atquc..

93 1447 130 1515 in
145 1440 233 1513 Italia
248 1454 382 1511 retentas
396 1436 466 1512 elle.
518 1440 582 1510 hoe
596 1438 703 1524 fatto,
716 1465 911 1537 quamquam
956 1443 975 1489 ¹

94 1542 178 1615 nulli
206 1554 272 1613 erat
292 1540 450 1629 dubium,
473 1544 553 1634 quin
575 1554 660 1613 arnna
680 1558 788 1611 contra
808 1542 922 1615 Caesa·-

94 1644 365 1739 temperarentur
383 1672 397 1723 ,c
420 1656 527 1713 tamen
544 1642 766 1713 Caesaromnia
789 1646 911 1738 piticn·

146 1744 187 1816 da
207 1738 268 1815 elle
292 1742 420 1828 statuit,
443 1742 552 1837 quoad
585 1742 640 1813 fibi
661 1743 728 1838 spes
756 1740 862 1841 aliqua
908 1736 912 1743 ’
1016 1768 1022 1781 “
1048 1736 1052 1759 ²

196 1844 423 1941 relinqueretur
437 1847 504 1912 iure
519 1848 624 1939 potius
637 1844 810 1947 discepttn-
1113 1920 1116 1927 ,

298 1943 390 2041 ἐϋ,
411 1968 508 2042 quam
521 1945 595 2019 belli
611 1966 668 2049 ge·
853 1966 856 1971 ·
973 1942 978 1960 ’

431 2045 545 2121 cendi.
703 2112 707 2121 .
