<?xml version="1.0" encoding="UTF-8"?>
<!DOCTYPE html PUBLIC "-//W3C//DTD XHTML 1.0 Transitional//EN"
    "http://www.w3.org/TR/xhtml1/DTD/xhtml1-transitional.dtd">
<html xmlns="http://www.w3.org/1999/xhtml" xml:lang="en" lang="en">
 <head>
  <title>
</title>
<meta http-equiv="Content-Type" content="text/html;charset=utf-8" />
  <meta name='ocr-system' content='tesseract 3.04.00' />
  <meta name='ocr-capabilities' content='ocr_page ocr_carea ocr_par ocr_line ocrx_word'/>
</head>
<body>
  <div class='ocr_page' id='page_1' title='image "./civliicaesarisc00hirtgoog_0312.png"; bbox 0 0 2310 3846; ppageno 0'>
   <div class='ocr_carea' id='block_1_1' title="bbox 169 92 778 178">
    <p class='ocr_par' dir='ltr' id='par_1_1' title="bbox 169 92 778 178">
     <span class='ocr_line' id='line_1_1' title="bbox 169 92 778 178; baseline -0.008 -18"><span class='ocrx_word' id='word_1_1' title='bbox 169 94 234 178; x_wconf 79' lang='lat'>296</span> <span class='ocrx_word' id='word_1_2' title='bbox 400 92 456 154; x_wconf 76' lang='lat' dir='ltr'>or</span> <span class='ocrx_word' id='word_1_3' title='bbox 477 96 620 153; x_wconf 73' lang='lat' dir='ltr'>ortuo</span> <span class='ocrx_word' id='word_1_4' title='bbox 652 94 778 155; x_wconf 73' lang='lat' dir='ltr'>ortu.</span> 
     </span>
    </p>
   </div>
   <div class='ocr_carea' id='block_1_2' title="bbox 29 198 1027 3371">
    <p class='ocr_par' dir='ltr' id='par_1_2' title="bbox 174 198 1006 298">
     <span class='ocr_line' id='line_1_2' title="bbox 174 198 1006 298; baseline -0.007 -25"><span class='ocrx_word' id='word_1_5' title='bbox 174 202 370 295; x_wconf 72' lang='lat' dir='ltr'>reciperent,</span> <span class='ocrx_word' id='word_1_6' title='bbox 392 219 445 271; x_wconf 86' lang='lat' dir='ltr'>aut</span> <span class='ocrx_word' id='word_1_7' title='bbox 454 199 631 285; x_wconf 87' lang='lat' dir='ltr'>nonnulli,</span> <span class='ocrx_word' id='word_1_8' title='bbox 651 200 777 298; x_wconf 85' lang='lat' dir='ltr'>pudore</span> <span class='ocrx_word' id='word_1_9' title='bbox 791 202 915 284; x_wconf 76' lang='lat' dir='ltr'>coadti,</span> <span class='ocrx_word' id='word_1_10' title='bbox 930 198 1006 269; x_wconf 76' lang='lat' dir='ltr'>lon·</span> 
     </span>
    </p>

    <p class='ocr_par' dir='ltr' id='par_1_3' title="bbox 104 299 1009 398">
     <span class='ocr_line' id='line_1_3' title="bbox 104 299 1009 398; baseline 0 -30"><span class='ocrx_word' id='word_1_11' title='bbox 104 326 126 379; x_wconf 85' lang='lat'>4</span> <span class='ocrx_word' id='word_1_12' title='bbox 178 306 249 398; x_wconf 86' lang='lat' dir='ltr'>gius</span> <span class='ocrx_word' id='word_1_13' title='bbox 259 299 480 397; x_wconf 84' lang='lat' dir='ltr'>profugerent.</span> <span class='ocrx_word' id='word_1_14' title='bbox 529 327 672 396; x_wconf 84' lang='lat' dir='ltr'>quorum</span> <span class='ocrx_word' id='word_1_15' title='bbox 682 303 826 398; x_wconf 88' lang='lat' dir='ltr'>periculo</span> <span class='ocrx_word' id='word_1_16' title='bbox 836 303 876 371; x_wconf 85' lang='lat' dir='ltr'>fic</span> <span class='ocrx_word' id='word_1_17' title='bbox 889 322 1009 371; x_wconf 87' lang='lat' dir='ltr'>omner</span> 
     </span>
    </p>

    <p class='ocr_par' dir='ltr' id='par_1_4' title="bbox 180 396 1010 500">
     <span class='ocr_line' id='line_1_4' title="bbox 180 396 1010 500; baseline -0.005 -29"><span class='ocrx_word' id='word_1_18' title='bbox 180 406 280 497; x_wconf 85' lang='lat' dir='ltr'>copiae</span> <span class='ocrx_word' id='word_1_19' title='bbox 296 402 368 487; x_wconf 78' lang='lat' dir='ltr'>sunt</span> <span class='ocrx_word' id='word_1_20' title='bbox 382 402 589 500; x_wconf 76' lang='lat' dir='ltr'>perturbatae,</span> <span class='ocrx_word' id='word_1_21' title='bbox 604 418 639 473; x_wconf 88' lang='lat' dir='ltr'>vt</span> <span class='ocrx_word' id='word_1_22' title='bbox 661 411 715 475; x_wconf 84' lang='lat' dir='ltr'>vix</span> <span class='ocrx_word' id='word_1_23' title='bbox 734 403 868 474; x_wconf 86' lang='lat' dir='ltr'>iudicari</span> <span class='ocrx_word' id='word_1_24' title='bbox 884 396 1010 499; x_wconf 73' lang='lat' dir='ltr'>pollet,</span> 
     </span>
    </p>

    <p class='ocr_par' dir='ltr' id='par_1_5' title="bbox 181 502 1010 577">
     <span class='ocr_line' id='line_1_5' title="bbox 181 502 1010 577; baseline -0.002 -4"><span class='ocrx_word' id='word_1_25' title='bbox 181 518 292 575; x_wconf 77' lang='lat' dir='ltr'>utrum</span> <span class='ocrx_word' id='word_1_26' title='bbox 317 502 461 575; x_wconf 84' lang='lat' dir='ltr'>secundis</span> <span class='ocrx_word' id='word_1_27' title='bbox 500 509 643 576; x_wconf 79' lang='lat' dir='ltr'>minimis</span> <span class='ocrx_word' id='word_1_28' title='bbox 681 503 776 576; x_wconf 83' lang='lat' dir='ltr'>rebus</span> <span class='ocrx_word' id='word_1_29' title='bbox 815 502 1010 577; x_wconf 91' lang='lat' dir='ltr'>insolentio-</span> 
     </span>
    </p>

    <p class='ocr_par' dir='ltr' id='par_1_6' title="bbox 180 605 1011 693">
     <span class='ocr_line' id='line_1_6' title="bbox 180 605 1011 693; baseline 0 -20"><span class='ocrx_word' id='word_1_30' title='bbox 180 628 264 693; x_wconf 82' lang='lat' dir='ltr'>res,</span> <span class='ocrx_word' id='word_1_31' title='bbox 303 630 344 677; x_wconf 87' lang='lat' dir='ltr'>an</span> <span class='ocrx_word' id='word_1_32' title='bbox 378 605 510 678; x_wconf 72' lang='lat' dir='ltr'>iduerso</span> <span class='ocrx_word' id='word_1_33' title='bbox 543 608 699 678; x_wconf 85' lang='lat' dir='ltr'>mediocri</span> <span class='ocrx_word' id='word_1_34' title='bbox 730 605 800 677; x_wconf 84' lang='lat' dir='ltr'>casu</span> <span class='ocrx_word' id='word_1_35' title='bbox 825 605 1011 675; x_wconf 86' lang='lat' dir='ltr'>timidiores</span> 
     </span>
    </p>

    <p class='ocr_par' dir='ltr' id='par_1_7' title="bbox 60 700 1012 806">
     <span class='ocr_line' id='line_1_7' title="bbox 60 700 1012 806; baseline -0.001 -29"><span class='ocrx_word' id='word_1_36' title='bbox 60 700 141 763; x_wconf 69' lang='lat' dir='ltr'>XIV</span> <span class='ocrx_word' id='word_1_37' title='bbox 181 701 292 778; x_wconf 79' lang='lat' dir='ltr'>essent.</span> <span class='ocrx_word' id='word_1_38' title='bbox 378 708 610 806; x_wconf 88' lang='lat' dir='ltr'>Complurimis</span> <span class='ocrx_word' id='word_1_39' title='bbox 620 708 732 780; x_wconf 88' lang='lat' dir='ltr'>diebus</span> <span class='ocrx_word' id='word_1_40' title='bbox 741 709 892 789; x_wconf 81' lang='lat' dir='ltr'>iisdemin</span> <span class='ocrx_word' id='word_1_41' title='bbox 903 704 1012 776; x_wconf 75' lang='lat' dir='ltr'>castris</span> 
     </span>
    </p>

    <p class='ocr_par' dir='ltr' id='par_1_8' title="bbox 181 806 1013 908">
     <span class='ocr_line' id='line_1_8' title="bbox 181 806 1013 908; baseline 0 -29"><span class='ocrx_word' id='word_1_42' title='bbox 181 806 396 907; x_wconf 81' lang='lat' dir='ltr'><strong>consumptis,</strong></span> <span class='ocrx_word' id='word_1_43' title='bbox 413 836 486 881; x_wconf 87' lang='lat' dir='ltr'>cum</span> <span class='ocrx_word' id='word_1_44' title='bbox 507 814 639 908; x_wconf 86' lang='lat' dir='ltr'>propius</span> <span class='ocrx_word' id='word_1_45' title='bbox 653 806 805 881; x_wconf 76' lang='lat' dir='ltr'>accessisse</span> <span class='ocrx_word' id='word_1_46' title='bbox 819 809 1013 906; x_wconf 82' lang='lat' dir='ltr'>legiones&amp;</span> 
     </span>
    </p>

    <p class='ocr_par' dir='ltr' id='par_1_9' title="bbox 181 908 1012 1007">
     <span class='ocr_line' id='line_1_9' title="bbox 181 908 1012 1007; baseline -0.004 -26"><span class='ocrx_word' id='word_1_47' title='bbox 181 913 222 981; x_wconf 92' lang='lat' dir='ltr'>C.</span> <span class='ocrx_word' id='word_1_48' title='bbox 237 910 438 983; x_wconf 87' lang='lat' dir='ltr'>Trebonium</span> <span class='ocrx_word' id='word_1_49' title='bbox 465 912 607 1007; x_wconf 80' lang='lat' dir='ltr'>legatum</span> <span class='ocrx_word' id='word_1_50' title='bbox 627 908 850 1007; x_wconf 81' lang='lat' dir='ltr'>cognouiffent</span> <span class='ocrx_word' id='word_1_51' title='bbox 871 938 882 997; x_wconf 78' lang='lat'>5</span> <span class='ocrx_word' id='word_1_52' title='bbox 913 910 1012 980; x_wconf 76' lang='lat' dir='ltr'>duces</span> 
     </span>
    </p>

    <p class='ocr_par' dir='ltr' id='par_1_10' title="bbox 180 1010 1012 1099">
     <span class='ocr_line' id='line_1_10' title="bbox 180 1010 1012 1099; baseline -0.002 -17"><span class='ocrx_word' id='word_1_53' title='bbox 180 1010 445 1099; x_wconf 82' lang='lat' dir='ltr'>Bellouacorum,</span> <span class='ocrx_word' id='word_1_54' title='bbox 462 1017 553 1086; x_wconf 88' lang='lat' dir='ltr'>veriti</span> <span class='ocrx_word' id='word_1_55' title='bbox 563 1014 696 1085; x_wconf 83' lang='lat' dir='ltr'>similem</span> <span class='ocrx_word' id='word_1_56' title='bbox 713 1013 930 1085; x_wconf 83' lang='lat' dir='ltr'>obsessionem</span> <span class='ocrx_word' id='word_1_57' title='bbox 940 1012 1012 1085; x_wconf 82' lang='lat' dir='ltr'>Ale·</span> 
     </span>
    </p>

    <p class='ocr_par' dir='ltr' id='par_1_11' title="bbox 181 1110 1012 1210">
     <span class='ocr_line' id='line_1_11' title="bbox 181 1110 1012 1210; baseline -0.001 -27"><span class='ocrx_word' id='word_1_58' title='bbox 181 1110 244 1197; x_wconf 84' lang='lat' dir='ltr'>fiae,</span> <span class='ocrx_word' id='word_1_59' title='bbox 253 1116 352 1185; x_wconf 77' lang='lat' dir='ltr'>nodtu</span> <span class='ocrx_word' id='word_1_60' title='bbox 363 1114 528 1186; x_wconf 90' lang='lat' dir='ltr'>dimittunt</span> <span class='ocrx_word' id='word_1_61' title='bbox 541 1141 609 1200; x_wconf 86' lang='lat' dir='ltr'>eos,</span> <span class='ocrx_word' id='word_1_62' title='bbox 620 1140 701 1210; x_wconf 87' lang='lat' dir='ltr'>quos</span> <span class='ocrx_word' id='word_1_63' title='bbox 712 1133 860 1186; x_wconf 82' lang='lat' dir='ltr'>autaetate</span> <span class='ocrx_word' id='word_1_64' title='bbox 869 1116 1012 1184; x_wconf 85' lang='lat' dir='ltr'>autviri·</span> 
     </span>
    </p>

    <p class='ocr_par' dir='ltr' id='par_1_12' title="bbox 95 1212 1012 1313">
     <span class='ocr_line' id='line_1_12' title="bbox 95 1212 1012 1313; baseline 0.002 -28"><span class='ocrx_word' id='word_1_65' title='bbox 95 1306 106 1313; x_wconf 21' lang='grc' dir='ltr'>Ι,</span> <span class='ocrx_word' id='word_1_66' title='bbox 135 1222 143 1245; x_wconf 79' lang='lat'>²</span> <span class='ocrx_word' id='word_1_67' title='bbox 181 1212 242 1285; x_wconf 89' lang='lat' dir='ltr'>bus</span> <span class='ocrx_word' id='word_1_68' title='bbox 257 1212 428 1289; x_wconf 83' lang='lat' dir='ltr'>inferiores</span> <span class='ocrx_word' id='word_1_69' title='bbox 444 1232 499 1287; x_wconf 85' lang='lat' dir='ltr'>aut</span> <span class='ocrx_word' id='word_1_70' title='bbox 526 1222 663 1289; x_wconf 85' lang='lat' dir='ltr'>inermes</span> <span class='ocrx_word' id='word_1_71' title='bbox 679 1218 862 1301; x_wconf 85' lang='lat' dir='ltr'>habebant,</span> <span class='ocrx_word' id='word_1_72' title='bbox 883 1240 1012 1310; x_wconf 83' lang='lat' dir='ltr'>vnaque</span> 
     </span>
    </p>

    <p class='ocr_par' dir='ltr' id='par_1_13' title="bbox 120 1316 1013 1416">
     <span class='ocr_line' id='line_1_13' title="bbox 120 1316 1013 1416; baseline 0.007 -35"><span class='ocrx_word' id='word_1_73' title='bbox 120 1338 136 1381; x_wconf 86' lang='lat'>2</span> <span class='ocrx_word' id='word_1_74' title='bbox 183 1316 308 1412; x_wconf 86' lang='lat' dir='ltr'>reliqua</span> <span class='ocrx_word' id='word_1_75' title='bbox 334 1320 581 1416; x_wconf 85' lang='lat' dir='ltr'>impedimenta:</span> <span class='ocrx_word' id='word_1_76' title='bbox 631 1344 771 1415; x_wconf 88' lang='lat' dir='ltr'>quorum</span> <span class='ocrx_word' id='word_1_77' title='bbox 789 1316 1013 1416; x_wconf 83' lang='lat' dir='ltr'>perturbatum</span> 
     </span>
    </p>

    <p class='ocr_par' dir='ltr' id='par_1_14' title="bbox 183 1414 1013 1519">
     <span class='ocr_line' id='line_1_14' title="bbox 183 1414 1013 1519; baseline -0.002 -30"><span class='ocrx_word' id='word_1_78' title='bbox 183 1414 403 1493; x_wconf 85' lang='lat' dir='ltr'>&amp;confusum</span> <span class='ocrx_word' id='word_1_79' title='bbox 425 1421 502 1493; x_wconf 92' lang='lat' dir='ltr'>dum</span> <span class='ocrx_word' id='word_1_80' title='bbox 525 1421 683 1519; x_wconf 83' lang='lat' dir='ltr'>explicant</span> <span class='ocrx_word' id='word_1_81' title='bbox 703 1448 845 1518; x_wconf 84' lang='lat' dir='ltr'>agmen,</span> <span class='ocrx_word' id='word_1_82' title='bbox 871 1424 1013 1515; x_wconf 85' lang='lat' dir='ltr'>(magna</span> 
     </span>
    </p>

    <p class='ocr_par' dir='ltr' id='par_1_15' title="bbox 185 1521 1014 1620">
     <span class='ocr_line' id='line_1_15' title="bbox 185 1521 1014 1620; baseline -0.002 -27"><span class='ocrx_word' id='word_1_83' title='bbox 185 1523 632 1596; x_wconf 79' lang='lat' dir='ltr'>enimmultitudocarrorum</span> <span class='ocrx_word' id='word_1_84' title='bbox 642 1528 738 1594; x_wconf 89' lang='lat' dir='ltr'>etiam</span> <span class='ocrx_word' id='word_1_85' title='bbox 748 1522 913 1620; x_wconf 85' lang='lat' dir='ltr'>expeditos</span> <span class='ocrx_word' id='word_1_86' title='bbox 923 1521 1014 1615; x_wconf 84' lang='lat' dir='ltr'>sequi</span> 
     </span>
    </p>

    <p class='ocr_par' dir='ltr' id='par_1_16' title="bbox 185 1622 1015 1722">
     <span class='ocr_line' id='line_1_16' title="bbox 185 1622 1015 1722; baseline -0.005 -27"><span class='ocrx_word' id='word_1_87' title='bbox 185 1622 298 1695; x_wconf 87' lang='lat' dir='ltr'>Gallos</span> <span class='ocrx_word' id='word_1_88' title='bbox 313 1623 504 1713; x_wconf 85' lang='lat' dir='ltr'>consueuit)</span> <span class='ocrx_word' id='word_1_89' title='bbox 520 1624 660 1722; x_wconf 81' lang='lat' dir='ltr'>oppressi</span> <span class='ocrx_word' id='word_1_90' title='bbox 677 1624 768 1710; x_wconf 86' lang='lat' dir='ltr'>luce,</span> <span class='ocrx_word' id='word_1_91' title='bbox 784 1629 891 1721; x_wconf 87' lang='lat' dir='ltr'>copias</span> <span class='ocrx_word' id='word_1_92' title='bbox 908 1647 1015 1692; x_wconf 82' lang='lat' dir='ltr'>arma-</span> 
     </span>
    </p>

    <p class='ocr_par' dir='ltr' id='par_1_17' title="bbox 134 1726 1016 1825">
     <span class='ocr_line' id='line_1_17' title="bbox 134 1726 1016 1825; baseline -0.008 -24"><span class='ocrx_word' id='word_1_93' title='bbox 134 1800 139 1809; x_wconf 75' lang='lat'>,</span> <span class='ocrx_word' id='word_1_94' title='bbox 183 1728 296 1816; x_wconf 77' lang='lat' dir='ltr'>torum</span> <span class='ocrx_word' id='word_1_95' title='bbox 316 1752 377 1825; x_wconf 90' lang='lat' dir='ltr'>pro</span> <span class='ocrx_word' id='word_1_96' title='bbox 393 1726 454 1797; x_wconf 80' lang='lat' dir='ltr'>suir</span> <span class='ocrx_word' id='word_1_97' title='bbox 468 1726 627 1796; x_wconf 86' lang='lat' dir='ltr'>instruunt</span> <span class='ocrx_word' id='word_1_98' title='bbox 642 1726 745 1795; x_wconf 84' lang='lat' dir='ltr'>castris</span> <span class='ocrx_word' id='word_1_99' title='bbox 759 1773 771 1811; x_wconf 93' lang='lat'>,</span> <span class='ocrx_word' id='word_1_100' title='bbox 785 1749 826 1794; x_wconf 91' lang='lat' dir='ltr'>ne</span> <span class='ocrx_word' id='word_1_101' title='bbox 843 1729 929 1821; x_wconf 89' lang='lat' dir='ltr'>prius</span> <span class='ocrx_word' id='word_1_102' title='bbox 944 1729 1016 1794; x_wconf 90' lang='lat' dir='ltr'>Ro·</span> 
     </span>
    </p>

    <p class='ocr_par' dir='ltr' id='par_1_18' title="bbox 187 1825 1018 1924">
     <span class='ocr_line' id='line_1_18' title="bbox 187 1825 1018 1924; baseline -0.001 -27"><span class='ocrx_word' id='word_1_103' title='bbox 187 1832 278 1919; x_wconf 80' lang='lat' dir='ltr'>mani</span> <span class='ocrx_word' id='word_1_104' title='bbox 298 1825 441 1924; x_wconf 80' lang='lat' dir='ltr'>persequi</span> <span class='ocrx_word' id='word_1_105' title='bbox 462 1825 493 1897; x_wconf 90' lang='lat' dir='ltr'>se</span> <span class='ocrx_word' id='word_1_106' title='bbox 515 1828 717 1921; x_wconf 83' lang='lat' dir='ltr'>inciperent,</span> <span class='ocrx_word' id='word_1_107' title='bbox 757 1849 854 1919; x_wconf 87' lang='lat' dir='ltr'>quam</span> <span class='ocrx_word' id='word_1_108' title='bbox 883 1826 1018 1919; x_wconf 81' lang='lat' dir='ltr'>longius</span> 
     </span>
    </p>

    <p class='ocr_par' dir='ltr' id='par_1_19' title="bbox 145 1920 1020 2025">
     <span class='ocr_line' id='line_1_19' title="bbox 145 1920 1020 2025; baseline -0.002 -26"><span class='ocrx_word' id='word_1_109' title='bbox 145 1950 150 1955; x_wconf 85' lang='lat'>·</span> <span class='ocrx_word' id='word_1_110' title='bbox 189 1924 307 2025; x_wconf 63' lang='lat' dir='ltr'>agmen</span> <span class='ocrx_word' id='word_1_111' title='bbox 327 1926 635 2023; x_wconf 84' lang='lat' dir='ltr'>impedimentorum</span> <span class='ocrx_word' id='word_1_112' title='bbox 656 1924 787 1995; x_wconf 86' lang='lat' dir='ltr'>luorum</span> <span class='ocrx_word' id='word_1_113' title='bbox 810 1920 1020 2019; x_wconf 84' lang='lat' dir='ltr'>procoffiffet.</span> 
     </span>
    </p>

    <p class='ocr_par' dir='ltr' id='par_1_20' title="bbox 40 2022 1023 2121">
     <span class='ocr_line' id='line_1_20' title="bbox 40 2022 1023 2121; baseline -0.003 -19"><span class='ocrx_word' id='word_1_114' title='bbox 40 2040 43 2047; x_wconf 89' lang='lat'>&#39;</span> <span class='ocrx_word' id='word_1_115' title='bbox 113 2022 137 2107; x_wconf 71' lang='lat'>{3</span> <span class='ocrx_word' id='word_1_116' title='bbox 189 2035 234 2101; x_wconf 86' lang='lat' dir='ltr'>At</span> <span class='ocrx_word' id='word_1_117' title='bbox 248 2024 350 2099; x_wconf 79' lang='lat' dir='ltr'>Caesar</span> <span class='ocrx_word' id='word_1_118' title='bbox 364 2052 470 2121; x_wconf 86' lang='lat' dir='ltr'>neque</span> <span class='ocrx_word' id='word_1_119' title='bbox 485 2025 656 2097; x_wconf 77' lang='lat' dir='ltr'>refistentes</span> <span class='ocrx_word' id='word_1_120' title='bbox 671 2042 759 2097; x_wconf 83' lang='lat' dir='ltr'>tanto</span> <span class='ocrx_word' id='word_1_121' title='bbox 768 2024 857 2095; x_wconf 91' lang='lat' dir='ltr'>collis</span> <span class='ocrx_word' id='word_1_122' title='bbox 866 2022 1023 2100; x_wconf 85' lang='lat' dir='ltr'>adscensu</span> 
     </span>
    </p>

    <p class='ocr_par' dir='ltr' id='par_1_21' title="bbox 29 2125 1022 2222">
     <span class='ocr_line' id='line_1_21' title="bbox 29 2125 1022 2222; baseline -0.002 -21"><span class='ocrx_word' id='word_1_123' title='bbox 29 2140 32 2145; x_wconf 87' lang='lat'>&#39;</span> <span class='ocrx_word' id='word_1_124' title='bbox 190 2126 384 2201; x_wconf 78' lang='lat' dir='ltr'>lacessendos</span> <span class='ocrx_word' id='word_1_125' title='bbox 393 2125 685 2221; x_wconf 81' lang='lat' dir='ltr'>iudicabar3neque</span> <span class='ocrx_word' id='word_1_126' title='bbox 700 2153 770 2199; x_wconf 90' lang='lat' dir='ltr'>non</span> <span class='ocrx_word' id='word_1_127' title='bbox 783 2152 883 2222; x_wconf 85' lang='lat' dir='ltr'>usque</span> <span class='ocrx_word' id='word_1_128' title='bbox 904 2153 945 2199; x_wconf 90' lang='lat' dir='ltr'>eo</span> <span class='ocrx_word' id='word_1_129' title='bbox 968 2127 1022 2199; x_wconf 87' lang='lat' dir='ltr'>lc·</span> 
     </span>
    </p>

    <p class='ocr_par' dir='ltr' id='par_1_22' title="bbox 190 2226 1022 2327">
     <span class='ocr_line' id='line_1_22' title="bbox 190 2226 1022 2327; baseline 0.002 -26"><span class='ocrx_word' id='word_1_130' title='bbox 190 2228 512 2327; x_wconf 88' lang='lat' dir='ltr'>gionesamouendas</span> <span class='ocrx_word' id='word_1_131' title='bbox 521 2278 533 2318; x_wconf 92' lang='lat'>,</span> <span class='ocrx_word' id='word_1_132' title='bbox 548 2226 586 2299; x_wconf 79' lang='lat' dir='ltr'>vt</span> <span class='ocrx_word' id='word_1_133' title='bbox 598 2228 756 2319; x_wconf 63' lang='lat' dir='ltr'>discedere</span> <span class='ocrx_word' id='word_1_134' title='bbox 771 2255 857 2301; x_wconf 83' lang='lat' dir='ltr'>exeo</span> <span class='ocrx_word' id='word_1_135' title='bbox 868 2228 1022 2303; x_wconf 83' lang='lat' dir='ltr'>locofine</span> 
     </span>
    </p>

    <p class='ocr_par' dir='ltr' id='par_1_23' title="bbox 190 2330 1022 2431">
     <span class='ocr_line' id='line_1_23' title="bbox 190 2330 1022 2431; baseline 0.001 -30"><span class='ocrx_word' id='word_1_136' title='bbox 190 2330 334 2431; x_wconf 88' lang='lat' dir='ltr'>periculo</span> <span class='ocrx_word' id='word_1_137' title='bbox 357 2331 509 2417; x_wconf 81' lang='lat' dir='ltr'>barbari,</span> <span class='ocrx_word' id='word_1_138' title='bbox 543 2331 695 2407; x_wconf 78' lang='lat' dir='ltr'>militibus</span> <span class='ocrx_word' id='word_1_139' title='bbox 712 2331 922 2416; x_wconf 83' lang='lat' dir='ltr'>instantibus,</span> <span class='ocrx_word' id='word_1_140' title='bbox 945 2356 1022 2402; x_wconf 89' lang='lat' dir='ltr'>non</span> 
     </span>
    </p>

    <p class='ocr_par' dir='ltr' id='par_1_24' title="bbox 95 2428 1022 2535">
     <span class='ocr_line' id='line_1_24' title="bbox 95 2428 1022 2535; baseline 0 -30"><span class='ocrx_word' id='word_1_141' title='bbox 95 2446 137 2505; x_wconf 37' lang='lat'>*4</span> <span class='ocrx_word' id='word_1_142' title='bbox 187 2428 357 2535; x_wconf 66' lang='lat' dir='ltr'>pollentpo</span> <span class='ocrx_word' id='word_1_143' title='bbox 386 2437 445 2515; x_wconf 83' lang='lat' dir='ltr'>ita,</span> <span class='ocrx_word' id='word_1_144' title='bbox 464 2459 538 2503; x_wconf 90' lang='lat' dir='ltr'>cum</span> <span class='ocrx_word' id='word_1_145' title='bbox 554 2434 669 2530; x_wconf 88' lang='lat' dir='ltr'>palude</span> <span class='ocrx_word' id='word_1_146' title='bbox 685 2434 872 2531; x_wconf 81' lang='lat' dir='ltr'>impeditam</span> <span class='ocrx_word' id='word_1_147' title='bbox 888 2433 1022 2505; x_wconf 83' lang='lat' dir='ltr'>acastris</span> 
     </span>
    </p>

    <p class='ocr_par' dir='ltr' id='par_1_25' title="bbox 89 2516 1022 2635">
     <span class='ocr_line' id='line_1_25' title="bbox 89 2516 1022 2635; baseline -0.006 -27"><span class='ocrx_word' id='word_1_148' title='bbox 89 2574 96 2586; x_wconf 41' lang='grc' dir='ltr'><em>ι</em></span> <span class='ocrx_word' id='word_1_149' title='bbox 114 2528 288 2607; x_wconf 56' lang='lat' dir='ltr'>”tharra</span> <span class='ocrx_word' id='word_1_150' title='bbox 301 2535 462 2615; x_wconf 89' lang='lat' dir='ltr'>diuidere,</span> <span class='ocrx_word' id='word_1_151' title='bbox 480 2516 915 2635; x_wconf 51' lang='lat' dir='ltr'>quae‘tmffiundidifficultas</span> <span class='ocrx_word' id='word_1_152' title='bbox 931 2535 1022 2607; x_wconf 87' lang='lat' dir='ltr'>cele·</span> 
     </span>
    </p>

    <p class='ocr_par' dir='ltr' id='par_1_26' title="bbox 193 2654 1025 2709">
     <span class='ocr_line' id='line_1_26' title="bbox 193 2654 1025 2709; baseline 0 0"><span class='ocrx_word' id='word_1_153' title='bbox 193 2672 200 2679; x_wconf 96' lang='lat'>·</span> <span class='ocrx_word' id='word_1_154' title='bbox 881 2672 884 2677; x_wconf 94' lang='lat'><em>·</em></span> <span class='ocrx_word' id='word_1_155' title='bbox 943 2654 1025 2709; x_wconf 78' lang='lat' dir='ltr'>trra-</span> 
     </span>
    </p>

    <p class='ocr_par' dir='ltr' id='par_1_27' title="bbox 187 2783 1024 2873">
     <span class='ocr_line' id='line_1_27' title="bbox 187 2783 1024 2873; baseline -0.007 -24"><span class='ocrx_word' id='word_1_156' title='bbox 187 2788 276 2849; x_wconf 77' lang='lat' dir='ltr'>CAP.</span> <span class='ocrx_word' id='word_1_157' title='bbox 294 2804 403 2860; x_wconf 79' lang='lat' dir='ltr'>xr11.4</span> <span class='ocrx_word' id='word_1_158' title='bbox 423 2783 547 2873; x_wconf 53' lang='lat' dir='ltr'>flectendis</span> <span class='ocrx_word' id='word_1_159' title='bbox 562 2791 690 2868; x_wconf 74' lang='lat' dir='ltr'>minimis]</span> <span class='ocrx_word' id='word_1_160' title='bbox 707 2787 784 2847; x_wconf 88' lang='lat' dir='ltr'>Libri</span> <span class='ocrx_word' id='word_1_161' title='bbox 799 2805 918 2855; x_wconf 86' lang='lat' dir='ltr'>veteres,</span> <span class='ocrx_word' id='word_1_162' title='bbox 928 2785 1024 2862; x_wconf 88' lang='lat' dir='ltr'>scripti</span> 
     </span>
    </p>

    <p class='ocr_par' dir='ltr' id='par_1_28' title="bbox 231 2870 1024 2953">
     <span class='ocr_line' id='line_1_28' title="bbox 231 2870 1024 2953; baseline -0.004 -22"><span class='ocrx_word' id='word_1_163' title='bbox 231 2874 261 2931; x_wconf 74' lang='grc' dir='ltr'>δι</span> <span class='ocrx_word' id='word_1_164' title='bbox 271 2870 499 2943; x_wconf 74' lang='lat' dir='ltr'>cxcusr,stcrrmdir</span> <span class='ocrx_word' id='word_1_165' title='bbox 513 2877 690 2953; x_wconf 74' lang='lat' dir='ltr'>minimisque,</span> <span class='ocrx_word' id='word_1_166' title='bbox 701 2894 752 2952; x_wconf 87' lang='lat' dir='ltr'>pro</span> <span class='ocrx_word' id='word_1_167' title='bbox 768 2892 824 2951; x_wconf 91' lang='lat' dir='ltr'>quo</span> <span class='ocrx_word' id='word_1_168' title='bbox 833 2874 951 2948; x_wconf 86' lang='lat' dir='ltr'>Scaliger</span> <span class='ocrx_word' id='word_1_169' title='bbox 961 2870 1024 2928; x_wconf 87' lang='lat' dir='ltr'>edi-</span> 
     </span>
    </p>

    <p class='ocr_par' dir='ltr' id='par_1_29' title="bbox 234 2950 1025 3037">
     <span class='ocr_line' id='line_1_29' title="bbox 234 2950 1025 3037; baseline -0.003 -22"><span class='ocrx_word' id='word_1_170' title='bbox 234 2950 406 3029; x_wconf 75' lang='lat' dir='ltr'>ditsecundti</span> <span class='ocrx_word' id='word_1_171' title='bbox 426 2961 578 3036; x_wconf 77' lang='lat' dir='ltr'>nimiisque,</span> <span class='ocrx_word' id='word_1_172' title='bbox 594 2980 676 3037; x_wconf 88' lang='lat' dir='ltr'>quem</span> <span class='ocrx_word' id='word_1_173' title='bbox 692 2958 784 3017; x_wconf 75' lang='lat' dir='ltr'>adhuc</span> <span class='ocrx_word' id='word_1_174' title='bbox 799 2955 920 3014; x_wconf 86' lang='lat' dir='ltr'>editores</span> <span class='ocrx_word' id='word_1_175' title='bbox 936 2954 1025 3015; x_wconf 86' lang='lat' dir='ltr'>securi</span> 
     </span>
    </p>

    <p class='ocr_par' dir='ltr' id='par_1_30' title="bbox 235 3039 1025 3116">
     <span class='ocr_line' id='line_1_30' title="bbox 235 3039 1025 3116; baseline -0.001 -18"><span class='ocrx_word' id='word_1_176' title='bbox 235 3040 306 3099; x_wconf 86' lang='lat' dir='ltr'>lunt.</span> <span class='ocrx_word' id='word_1_177' title='bbox 360 3047 397 3104; x_wconf 91' lang='lat' dir='ltr'>D.</span> <span class='ocrx_word' id='word_1_178' title='bbox 424 3040 535 3100; x_wconf 83' lang='lat' dir='ltr'>Voffius</span> <span class='ocrx_word' id='word_1_179' title='bbox 562 3046 662 3101; x_wconf 86' lang='lat' dir='ltr'>retinet</span> <span class='ocrx_word' id='word_1_180' title='bbox 698 3062 817 3101; x_wconf 85' lang='lat' dir='ltr'>veterem</span> <span class='ocrx_word' id='word_1_181' title='bbox 842 3039 1025 3116; x_wconf 80' lang='lat' dir='ltr'>scripturam,</span> 
     </span>
    </p>

    <p class='ocr_par' dir='ltr' id='par_1_31' title="bbox 226 3124 1027 3284">
     <span class='ocr_line' id='line_1_31' title="bbox 231 3124 1027 3205; baseline 0.001 -26"><span class='ocrx_word' id='word_1_182' title='bbox 231 3125 293 3187; x_wconf 84' lang='lat' dir='ltr'>solo</span> <span class='ocrx_word' id='word_1_183' title='bbox 322 3142 370 3201; x_wconf 79' lang='lat' dir='ltr'>que</span> <span class='ocrx_word' id='word_1_184' title='bbox 393 3125 501 3185; x_wconf 80' lang='lat' dir='ltr'>sublato</span> <span class='ocrx_word' id='word_1_185' title='bbox 525 3146 533 3185; x_wconf 78' lang='lat' dir='ltr'>r</span> <span class='ocrx_word' id='word_1_186' title='bbox 562 3143 591 3186; x_wconf 88' lang='lat' dir='ltr'>vt</span> <span class='ocrx_word' id='word_1_187' title='bbox 616 3124 702 3187; x_wconf 83' lang='lat' dir='ltr'>sensus</span> <span class='ocrx_word' id='word_1_188' title='bbox 730 3126 776 3197; x_wconf 80' lang='lat' dir='ltr'>sit,</span> <span class='ocrx_word' id='word_1_189' title='bbox 794 3128 866 3184; x_wconf 83' lang='lat' dir='ltr'>rebus</span> <span class='ocrx_word' id='word_1_190' title='bbox 877 3140 1027 3205; x_wconf 79' lang='lat' dir='ltr'>parumper</span> 
     </span>
     <span class='ocr_line' id='line_1_32' title="bbox 226 3208 520 3284; baseline 0.01 -21"><span class='ocrx_word' id='word_1_191' title='bbox 226 3208 350 3277; x_wconf 69' lang='lat' dir='ltr'>ficrrrrclii</span> <span class='ocrx_word' id='word_1_192' title='bbox 366 3212 520 3284; x_wconf 69' lang='lat' dir='ltr'>inflatiores.</span> 
     </span>
    </p>

    <p class='ocr_par' dir='ltr' id='par_1_32' title="bbox 158 3289 1026 3371">
     <span class='ocr_line' id='line_1_33' title="bbox 158 3289 1026 3371; baseline 0.001 -18"><span class='ocrx_word' id='word_1_193' title='bbox 158 3335 160 3338; x_wconf 31' lang='lat' dir='ltr'>v</span> <span class='ocrx_word' id='word_1_194' title='bbox 194 3314 230 3353; x_wconf 76' lang='lat' dir='ltr'>mr</span> <span class='ocrx_word' id='word_1_195' title='bbox 243 3289 350 3361; x_wconf 56' lang='lat' dir='ltr'>admeti</span> <span class='ocrx_word' id='word_1_196' title='bbox 364 3299 489 3353; x_wconf 78' lang='lat' dir='ltr'>mediocri</span> <span class='ocrx_word' id='word_1_197' title='bbox 507 3290 591 3371; x_wconf 72' lang='lat' dir='ltr'>cafie]</span> <span class='ocrx_word' id='word_1_198' title='bbox 611 3298 655 3357; x_wconf 71' lang='lat' dir='ltr'>stc</span> <span class='ocrx_word' id='word_1_199' title='bbox 670 3317 729 3355; x_wconf 91' lang='lat' dir='ltr'>non</span> <span class='ocrx_word' id='word_1_200' title='bbox 742 3301 833 3355; x_wconf 83' lang='lat' dir='ltr'>MSS.</span> <span class='ocrx_word' id='word_1_201' title='bbox 850 3293 957 3363; x_wconf 88' lang='lat' dir='ltr'>solum,</span> <span class='ocrx_word' id='word_1_202' title='bbox 978 3292 1026 3354; x_wconf 80' lang='lat' dir='ltr'>sed</span> 
     </span>
    </p>
   </div>
   <div class='ocr_carea' id='block_1_3' title="bbox 236 3378 1026 3549">
    <p class='ocr_par' dir='ltr' id='par_1_33' title="bbox 236 3378 1026 3549">
     <span class='ocr_line' id='line_1_34' title="bbox 236 3378 1026 3456; baseline 0.003 -18"><span class='ocrx_word' id='word_1_203' title='bbox 236 3397 340 3438; x_wconf 81' lang='lat' dir='ltr'>veteres</span> <span class='ocrx_word' id='word_1_204' title='bbox 356 3384 440 3446; x_wconf 83' lang='lat' dir='ltr'>etiam</span> <span class='ocrx_word' id='word_1_205' title='bbox 459 3379 548 3443; x_wconf 78' lang='lat' dir='ltr'>excufi</span> <span class='ocrx_word' id='word_1_206' title='bbox 562 3378 646 3445; x_wconf 85' lang='lat' dir='ltr'>libri:</span> <span class='ocrx_word' id='word_1_207' title='bbox 664 3386 838 3455; x_wconf 80' lang='lat' dir='ltr'>recentiores,</span> <span class='ocrx_word' id='word_1_208' title='bbox 849 3381 963 3456; x_wconf 73' lang='lat' dir='ltr'>adueifis</span> <span class='ocrx_word' id='word_1_209' title='bbox 970 3401 1026 3441; x_wconf 82' lang='lat' dir='ltr'>me-</span> 
     </span>
     <span class='ocr_line' id='line_1_35' title="bbox 236 3468 423 3549; baseline 0.037 -23"><span class='ocrx_word' id='word_1_210' title='bbox 236 3468 423 3549; x_wconf 65' lang='lat' dir='ltr'>dimidioque.</span> 
     </span>
    </p>
   </div>
   <div class='ocr_carea' id='block_1_4' title="bbox 0 0 1172 3846">
    <p class='ocr_par' dir='ltr' id='par_1_34' title="bbox 0 0 1172 3846">
     <span class='ocr_line' id='line_1_36' title="bbox 0 0 1172 3846; baseline 0 0"><span class='ocrx_word' id='word_1_211' title='bbox 0 0 1172 3846; x_wconf 95' lang='lat' dir='ltr'> </span> 
     </span>
    </p>
   </div>
  </div>
 </body>
</html>
