2310 3846
90 3439 104 3587 J,

83 3592 92 3667 i

80 3670 86 3703 .·

269 142 332 210 218
506 138 563 199 DE
589 138 884 202 Bnutoonun.

269 244 426 342 Bituriges
435 242 475 316 ad
482 245 614 317 Aeduos
622 269 784 340 ,quorum
800 262 890 318 erant
909 248 944 317 in
959 244 1023 318 fide
1033 297 1046 333 ,
1058 244 1108 320 le·

270 363 362 445 gatos
381 350 524 433 mittunt,
532 344 706 417 subsidium
723 364 891 445 rogatum,
903 373 971 445 quo
981 347 1107 421 facilius

198 468 212 527 3
270 450 414 522 hostium
435 452 543 548 copias
567 446 718 521 sustinere
748 448 874 549 possint.
949 452 1055 522 Aedui
1064 449 1107 523 de

269 551 403 624 consilio
425 550 633 648 legatorum,
656 574 739 646 quos
756 552 858 648 Caesar
874 550 914 623 ad
929 557 1107 625 exercitum

268 653 457 749 reliquerat,
471 657 578 750 copias
592 656 749 747 equitatus
766 654 985 753 peditatusque
1000 650 1112 725 'subsn'

186 772 207 826 4
267 756 325 828 dio
335 754 526 851 Biturigibus
536 764 676 827 mittunt.
728 754 1108 852 quicumadflumenLi·

255 862 372 955 ‚gerim
387 852 553 938 venissent,
570 854 660 951 quod
678 860 833 955 Bitugires
842 856 882 929 ab
890 856 1009 928 Aeduis
1019 856 1108 927 diui-

266 961 325 1045 dit,
335 984 451 1057 paucos
460 957 526 1029 dies
534 955 579 1028 ibi
593 960 723 1046 morati,
734 982 839 1055 neque
855 958 979 1051 flumen
993 957 1107 1053 transt·

201 1078 216 1135 t
267 1087 302 1133 re
311 1060 387 1148 aufi,
398 1061 536 1131 domum
546 1074 766 1131 reuertuntur:
805 1060 1107 1158 legatisquenostris

265 1164 463 1251 renuntiant,
471 1161 503 1233 se
515 1163 697 1258 Biturigum
718 1161 886 1257 perfidiam
903 1167 1041 1245 veritos,
1052 1187 1107 1233 re·

266 1262 408 1353 uertissez
425 1264 540 1361 quibus
569 1262 603 1334 id
626 1262 750 1334 consilii
768 1259 1108 1361 fuissecognouerint,

270 1381 305 1436 vt
321 1365 343 1436 fi
362 1366 487 1436 flumen
500 1359 691 1453 transissent,
707 1391 770 1437 vna
786 1382 930 1463 exparte
946 1364 1106 1464 ipsr,alte·

197 1476 214 1533 6
267 1492 305 1539 ra
320 1472 460 1539 Aruerni
474 1465 505 1539 se
512 1467 782 1537 circumsisterent.
833 1466 867 1537 id
882 1462 1106 1539 eanedecaus·

264 1568 317 1655 sa,
335 1595 433 1664 quam
446 1571 557 1664 legatis
572 1570 839 1665 pronuntiarunt,
855 1566 1109 1667 anperfidiaad·

264 1671 354 1743 dunt
361 1670 507 1755 fecerint,
516 1670 606 1765 quod
626 1670 706 1740 nihil
721 1668 818 1740 nobis
833 1671 1104 1756 constat,nonvi·

195 1812 212 1871 7
262 1772 356 1842 detur
371 1799 432 1871 pro
447 1787 535 1843 certo
549 1766 609 1841 esse
624 1770 826 1869 ponendum.
877 1776 1032 1870 Bituriges
1046 1795 1105 1841 co·

264 1898 338 1945 rum
356 1869 483 1944 discessu
516 1872 619 1943 statim
642 1870 673 1944 se
687 1898 761 1943 curn
786 1880 939 1946 Aruernis
961 1884 1103 1953 coniun-

165 1984 213 2049 vl
262 1990 356 2072 gunt.
406 1978 467 2046 His
483 1974 577 2047 rebus
602 1978 635 2044 in
670 1976 792 2047 ltaliam
807 1976 920 2047 Caelari
934 1978 1101 2060 nuntiatis,

261 2102 338 2148 cum
354 2080 418 2147 iarn
434 2075 487 2147 ille
510 2078 626 2148 virtute
634 2078 697 2147 Cn.
730 2080 875 2173 Pompeii
892 2078 1027 2149 urbanas
1049 2100 1100 2149 ret

258 2178 525 2251 commodiorem
541 2180 575 2247 in
592 2169 706 2247 statum
739 2176 915 2275 peruenisse
937 2180 1100 2275 intellige·

190 2302 206 2343 2
257 2280 612 2377 rebinTransalpinam
622 2278 759 2349 Galliam
777 2278 1004 2376 profediuselt
1058 2304 1100 2352 eo

258 2405 333 2451 cum
347 2377 504 2465 uenisset,
528 2384 642 2478 magna
664 2380 845 2452 difficultate
870 2370 1100 2470 adficiebatur,

191 2528 205 2585 3
259 2508 322 2577 qua
336 2480 983 2581 rationeadexercitumperuenitepollet.
1008 2507 1100 2570 nam,

261 2584 285 2657 st
301 2584 445 2681 legiones
461 2588 495 2655 in
511 2588 714 2679 prouinciam
730 2580 909 2670 arcesseret,
924 2584 954 2657 se
969 2582 1099 2659 absente

192 2714 213 2767 4
264 2690 300 2757 in
309 2690 420 2759 itinere
443 2686 560 2784 proelio
587 2687 789 2758 dimicaturas
813 2687 1020 2783 intelligebat.
1073 2686 1099 2759 ss

259 2792 326 2886 ipse
340 2786 380 2859 ad
397 2790 572 2860 exercitum
596 2787 825 2872 contenderet,
841 2814 882 2860 ne
905 2794 942 2859 iis
951 2790 1099 2885 quidem,

257 2894 313 2987 qui
331 2914 373 2961 eo
388 2907 536 2987 tempore
551 2893 651 2986 pacati
674 2890 878 2975 viderentur,
899 2889 988 2963 suam
1012 2890 1099 2962 salu'-

119 2982 199 3074 ,ΉῙ
255 3010 323 3063 tem
348 2992 434 3063 rene
466 2994 628 3061 committi
651 2990 790 3065 videbat.
961 2996 1099 3066 Interim

118 3100 123 3166 l
196 3164 199 3169 ,
255 3095 421 3165 Luderius
436 3094 621 3177 Cadurcus,
645 3100 678 3166 in
695 3098 844 3165 Rutenos
871 3088 1000 3180 missus,
1023 3116 1099 3166 eam

115 3169 120 3209 Ι

112 3226 117 3257 t

105 3287 114 3393 l

111 3212 117 3286 ,“
188 3200 204 3255 -²
255 3200 419 3268 ciuitatem
456 3198 610 3265 Aruernis
642 3194 800 3268 conciliat.
854 3188 1034 3291 progressus
1064 3198 1099 3267 in

1031 3302 1099 3367 Ni-

255 3394 780 3494 {lautissimis-issum&
803 3432 872 3472 mox
893 3409 957 3471 sedi.
972 3436 1001 3487 4.
