2310 3846
80 94 88 101 ’
222 92 448 171 o'asa'ttn
477 111 612 195 airus
793 118 853 187 571

77 210 255 304 isse-sciret,
281 213 333 285 sed
348 215 438 309 quod
461 238 537 313 eum
564 215 694 309 longius
712 209 856 311 progres-

77 316 232 413 ninsequi
247 318 442 387 decreuerat.
492 322 578 389 Cum
595 314 854 414 propiu'sTauri·

77 442 104 491 n
126 413 313 505 acceffisset,
330 414 470 488 distensis
492 416 554 489 suis
574 417 729 501 nauibus,
762 408 853 508 quod
967 492 971 507 Ι

87 519 255 614 tempestas
283 532 350 588 erat
366 516 576 602 turbulenta,
600 523 634 591 ἃ
648 517 735 588 nulia
757 511 855 611 suspi-

77 620 221 705 rhostis,
238 633 369 716 repente
386 617 549 691 aduersam
565 619 651 692 adse
667 621 852 691 venientem

77 747 168 806 mm,
183 725 329 793 antennis
344 721 383 790 ad
398 719 543 793 medium
560 721 682 805 malum
698 712 850 802 demissis,
883 762 897 793 0

77 823 211 895 [rustam
268 822 561 920 propugnatoribus
611 820 849 895 animaduertit,

77 924 130 1022 [od
145 925 201 996 vbi
216 922 399 1020 conspexit,
418 924 561 1015 celeriter
575 925 645 997 vela
659 922 789 996 subduci
800 918 851 989 di·.
900 930 917 1009 t

78 1030 180 1122 ttique
192 1040 343 1097 antennas
352 1024 457 1112 iubet,
474 1029 513 1096 ἃ
519 1026 636 1099 milites
654 1027 785 1097 armari:
802 1024 849 1104 δε,

77 1128 146 1200 rislo
170 1126 314 1214 sublato,
336 1152 403 1223 quo
418 1126 584 1226 pugnandi
596 1127 694 1203 ¹dabat
709 1127 849 1223 fignum,

77 1256 98 1299 a
115 1234 224 1325 primae
234 1253 328 1305 naues
342 1227 628 1327 subsequebantur,
642 1230 729 1301 idem
745 1242 779 1299 ut
791 1221 846 1297 fa·

77 1347 161 1418 ¹ent,
183 1328 386 1426 significabat.
435 1330 588 1403 Parabant
608 1329 640 1403 se
665 1332 847 1411 Vatiniani‚
898 1327 919 1384 4

77 1447 160 1504 sente
176 1430 335 1528 oppressi:
349 1435 449 1528 parati
464 1432 792 1532 deincepsOCiauiani
808 1453 848 1499 ex

77 1552 127 1611 rtu
142 1531 365 1629 procedebant.
415 1534 581 1605 Instruitur
589 1549 748 1629 utrimque
756 1534 850 1614 acics,

77 1634 144 1706 iine
161 1632 624 1730 dispositamagisOCiauiana,
641 1635 850 1734 paratiormi·

77 1761 121 1807 rm
138 1739 253 1807 animis
275 1740 454 1811 Vatiniana.
588 1740 754 1825 Vatinius,
777 1757 852 1817 cum
883 1721 994 1805 ‘W

77 1836 314 1923 imaduertcret,
336 1862 442 1933 neque
463 1843 595 1911 nauium
607 1838 640 1911 se
653 1834 865 1935 magnitudi·.

79 1988 90 2025 ,
106 1962 211 2033 neque
226 1961 366 2021 numero
380 1965 494 2037 parem,
507 1936 569 2012 esse
584 1937 698 2031 sutura
719 1937 852 2011 dimica·

77 2044 138 2125 ni,
161 2036 301 2111 fortunae
322 2036 393 2111 rem
411 2047 614 2127 committere
631 2041 744 2115 maluit
761 2071 770 2117 r
791 2045 850 2111 ita·

77 2146 227 2239 ¹eprimus
246 2141 299 2213 sua
320 2146 599 2239 quinqueremiin
635 2144 851 2215 uadriremem
885 2134 889 2145 “
945 2202 948 2207 ,

77 2244 122 2325 ius
138 2244 267 2315 ostani
282 2248 439 2340 impetum
453 2244 540 2319 fecit.
574 2169 756 2333 ,ceqterrime
770 2242 847 2325 sor·
904 2254 919 2293 ²

77 2346 210 2439 imeque
226 2361 339 2427 contra
356 2345 413 2415 iilo
425 2349 622 2441 remigante,
638 2371 734 2418 naues
743 2344 851 2415 aduer-

83 2445 190 2517 rosiris
207 2461 401 2517 concurrunt
422 2446 737 2536 adeovehementer,
752 2461 850 2535 vtna·

96 2548 303 2630 Ostauiana,
339 2548 443 2619 rostro
465 2546 619 2635 discusso,
640 2551 731 2645 signo
745 2552 850 2618 conti·

77 2664 168 2727 retur.
226 2653 448 2721 committitur
477 2655 588 2741 acriter
621 2649 749 2749 reliquis
771 2648 849 2719 loeis
901 2650 931 2719 3¹

77 2750 180 2823 selium
201 2800 213 2836 ,
237 2756 507 2852 consumiturque¹
520 2753 561 2826 ad
580 2752 674 2825 duces
695 2754 850 2823 maxime:

77 2880 123 2936 m,
148 2877 223 2925 cum
236 2851 293 2924 suo
309 2857 443 2949 quisque
469 2855 623 2927 auxilium
645 2852 761 2938 ferret,
786 2877 849 2921 ma·

77 2978 132 3025 um
153 2961 301 3026 cominus
317 2959 353 3025 in
373 2957 508 3049 angusto
523 2962 603 3029 mari
621 2957 771 3054 proelium
799 2949 848 3023 fa-

77 3056 187 3127 rmest:
237 3073 423 3152 quantoque
445 3061 624 3129 coniunctis
638 3061 740 3151 magis
755 3057 848 3124 naui·
898 3076 919 3131 4

77 3186 88 3229 s
102 3156 298 3253 confligendi
314 3157 449 3256 potestas
466 3159 619 3247 dabatur,
647 3175 737 3230 tanto
753 3155 848 3252 supe-

79 3275 236 3330 reserant
254 3264 434 3331 Vatiniani:
459 3267 514 3355 qui
528 3261 713 3334 admiranda
731 3263 848 3331 virtute

83 3360 145 3433 suis
160 3361 295 3434 nauibus
312 3368 346 3435 in
355 3362 495 3434 bostium
510 3388 607 3437 naues
616 3362 771 3437 transilire
778 3384 849 3428 non

767 3457 864 3533 bubi—
971 3502 983 3527 t
