2310 3846
210 156 276 230 244
330 137 335 147 ·
407 165 409 170 -
446 140 506 206 nu
526 144 671 206 uarro
691 141 819 205 onrn.

213 255 332 329 fiducia
354 276 419 325 vna
444 269 545 325 erant.
577 257 733 325 continuo
748 259 906 349 magnum
921 276 1044 327 nume·

71 441 74 445 y
215 383 290 429 rum
312 352 469 425 frumenti
500 372 761 451 commeatusque
792 357 935 452 diripit,
959 356 1044 454 ipsos
1083 402 1085 429 i

137 502 166 542 ι.
218 455 391 530 crudeliter
405 456 606 530 'excruciatos
624 456 788 531 interficit:
840 461 974 527 nuntios
992 474 1042 528 to·
1073 462 1076 466 ’

218 576 250 630 ta
264 550 400 628 ¹ciuitate
422 557 614 627 Aeduorum
638 559 789 641 dimittit,
815 557 932 630 eodem
947 584 1041 629 rnen·

218 661 328 739 dacio,
345 657 478 728 decade
494 662 680 752 equitum&
695 662 895 757 principum,
910 685 1041 757 penno·

217 778 274 833 uet
289 791 297 832 :
313 750 481 845 hortatur,
497 758 633 830 vtfimili
650 767 795 847 ratione,
811 759 980 859 atqueipse
996 759 1042 833 fe·
1079 758 1085 803 ·⁵

46 885 190 950 xxx1x
219 867 314 945 terit,
330 858 779 957 suasiniuriasperseqoantur.
805 876 819 909 ·'
874 865 1043 959 Eporedo-

220 969 270 1035 rix
286 960 435 1044 Aeduus,
452 959 577 1033 summo
585 961 660 1034 loco
677 987 768 1033 natus
790 961 994 1050 adolescens,
1011 967 1072 1035 &-

218 1064 352 1137 summa
374 1062 464 1131 domi
485 1068 660 1158 potentiae,
684 1068 718 1132 &
741 1089 804 1134 vna
831 1065 1052 1137 Virdumarus

219 1170 289 1264 pari
308 1176 395 1233 atate
411 1160 444 1232 d<
463 1167 577 1253 gratia,
590 1163 642 1234 sed
659 1189 775 1259 genere
790 1164 922 1264 dispari,
944 1192 1066 1262 queit»

218 1263 322 1338 Casas
337 1263 393 1334 fili
409 1263 448 1333 ab
464 1267 625 1335 Diuitiaco
647 1267 858 1349 transditum,
874 1293 914 1338 ex
927 1268 1054 1341 humili

218 1369 294 1439 loco
312 1366 351 1435 ad
368 1363 535 1436 ¹summam
562 1366 751 1460 dignitatem
774 1367 985 1464 perduxerat,
1009 1373 1048 1441 in

142 1480 145 1485 ’
218 1477 365 1564 equitum
381 1490 519 1537 numero
542 1482 777 1550 conuenerant,
792 1473 990 1541 nominatim
1003 1471 1046 1542 ab

154 1611 169 1653 2
220 1596 261 1643 eo
277 1572 410 1640 euocati.
466 1570 515 1638 his
524 1566 764 1639 eratintersede
772 1571 1049 1667 principatueon-

221 1676 344 1756 tentio,
369 1674 402 1740 dc
421 1673 454 1739 in
476 1669 529 1740 illa
551 1670 791 1761 magistratuum
814 1673 1046 1759 controuersia,

221 1772 300 1844 alter
316 1796 376 1868 pro
390 1768 649 1861 §onutuolitane
657 1819 670 1859 ‚
686 1771 830 1867 alterpro
847 1777 936 1844 Coto
954 1773 1046 1847 sum-

24 1954 58 1965 „
157 1913 171 1968 3
221 1879 282 1945 mis
301 1870 418 1968 opibus
445 1885 650 1966 pugnauerat.
705 1876 803 1942 exiis
828 1874 1049 1969 Eporedorix,

33 1960 57 2029 3¹⁹
222 1977 359 2068 cognito
385 1974 516 2041 Litauici
538 1971 698 2056 consilio,
722 1973 828 2045 media
850 1971 919 2045 fere
943 1979 1048 2047 nodie

222 2102 292 2148 rem
304 2074 343 2144 ad
352 2070 640 2160 Caloremdslert5
664 2095 753 2155 crat,
771 2077 977 2170 nepatiaetur,
1002 2081 1048 2146 ci·

211 2181 354 2263 «itatem
364 2178 477 2269 prauis
490 2174 724 2264 adolescentium
738 2177 884 2262 confidit,
900 2175 941 2244 ab
957 2181 1049 2247 ami·

219 2283 300 2347 sitia
314 2278 423 2370 populi
445 2275 615 2363 maleficae
630 2301 643 2342 :
664 2276 750 2370 quod
761 2279 913 2366 futurum
924 2283 1046 2371 proui-

220 2374 317 2464 deat,
334 2378 369 2464 fi
380 2377 418 2466 se
440 2398 487 2444 tot
518 2376 676 2446 bominum
697 2374 883 2444 milliacum
909 2376 1049 2470 hostibus

223 2480 462 2560 coniunxerint,
478 2501 611 2571 quorum
617 2479 753 2566 fizluiem
774 2501 871 2571 neque
878 2481 1048 2572 propinqui

18 2664 21 2671 Ι
225 2583 398 2672 negligere,
413 2601 515 2671 neque
526 2579 638 2645 ciuitas
653 2579 713 2645 leui
727 2597 881 2645 momento
900 2579 1049 2669 estimare

108 2707 164 2766 XL
218 2680 326 2773 poffi’t.
445 2681 567 2770 Magna
586 2673 728 2746 adfedus
744 2675 958 2747 sollicitudine
978 2677 1051 2750 hoe

224 2783 341 2848 nuntio
356 2775 477 2859 Caesar‘,
493 2775 712 2873 quodsemper
722 2777 911 2848 Aeduorum
922 2779 1051 2850 ciuitati

222 2884 379 2977 praecipue
405 2877 578 2949 indulserat
585 2877 701 2959 ,mulla
719 2876 1048 2974 interpositadubita·

220 2986 345 3064 tione,
369 2979 513 3074 legiones
545 2978 703 3074 expeditas
735 3002 774 3050 rv
803 2981 1050 3075 equitatumque

91 3135 95 3141 -
154 3117 169 3158 2
222 3106 355 3154 omnem
369 3104 408 3149 ex
424 3081 528 3150 castris
544 3080 659 3151 educit.
709 3077 1049 3178 necfuit'spatiumtali

221 3198 367 3279 tempore
375 3180 414 3250 ad
421 3179 637 3250 contrahenda
653 3181 864 3275 castra5quod
877 3207 926 3252 res
941 3185 975 3251 in
989 3205 1050 3253 ce-

144 3298 170 3374 '3
222 3284 343 3375 le'ritate
361 3281 459 3378 polita
469 3279 712 3356 effevidebatur.
759 3280 1049 3379 C.Fabiumlega·

197 3437 199 3440 ψ
224 3400 394 3472 tum‚eum
409 3378 589 3481 legionibus
612 3407 644 3455 ιι
665 3383 768 3455 castris
787 3382 932 3483 praesidio
948 3382 1049 3455 relio-

249 3522 251 3527 v
871 3510 874 3515 ·
959 3487 1045 3581 quit.
