2310 3846
408 114 537 174 LtBER
578 100 671 173 vtt'r.
823 108 956 199 [295

125 208 413 283 elicerentnostros
424 212 608 298 ininfidias,
625 209 742 284 deinde
752 208 953 284 circumuen-

125 312 447 407 tosadgrederentur.
498 316 588 383 cuius
597 310 746 403 malifors
759 311 869 387 incidit
883 317 951 405 Re·¹
1004 329 1017 384 3

124 415 209 497 mis,
226 404 341 509 quibus
350 411 642 509 iliadiesfungendi
652 416 794 488 muneris
802 413 947 486 obuene-

124 527 186 607 rat.
232 538 374 610 namque
382 518 422 598 ii,
438 541 513 585 curn
520 530 651 612 repente
664 510 807 584 hostium
820 516 944 611 equites
963 604 969 615 Ι

123 612 433 697 animaduertissent,
446 641 481 687 ac
489 642 626 687 numero
634 615 812 712 superiores
831 620 943 712 pauci·

121 729 218 788 tatem
226 715 479 803 contemsrffent,
492 718 637 816 cupidius
651 716 782 787 insecuti
796 743 814 785 a
828 716 945 813 pediti·

120 814 181 889 bus
195 818 340 915 undique
355 817 426 889 sunt
438 819 637 892 circumdati.
687 842 754 914 quo
769 815 946 914 fattoper·
994 848 1028 915 4·
1099 858 1134 877 ·-

115 918 258 1003 turbati,
278 919 428 1006 celerius,
444 945 541 1016 quam
549 918 748 991 consuetudo
762 917 827 991 fert
839 938 942 1014 eque·

113 1021 188 1092 stris
210 1021 342 1117 proelii,
367 1020 398 1093 se
416 1036 624 1118 receperunt,
646 1016 758 1093 amiffo
779 1018 944 1109 Vertisco',

113 1125 264 1219 principe
293 1125 454 1207 ciuitatis,
485 1120 637 1220 praefedo
670 1128 831 1216 equitum:
883 1122 943 1218 qui
989 1154 1005 1219 ς

118 1247 198 1293 cum
207 1228 355 1318 vixequo
362 1240 494 1321 propter
504 1239 626 1297 aetatcm
640 1220 813 1321 possetvti,
832 1237 942 1295 tamen
1028 1278 1031 1283 -
1140 1230 1148 1243 “

113 1321 349 1396 consuetudine
364 1326 533 1396 Gallorum
551 1377 562 1408 ,
586 1350 692 1421 neque
706 1328 800 1397 aetatis
816 1322 944 1397 excusa·
1032 1328 1035 1333 ’

113 1429 249 1497 tionein
261 1424 455 1524 suscipienda
464 1424 649 1523 praefedtura
659 1424 804 1497 vsuserat
810 1448 943 1521 ,neque
1007 1446 1010 1451 ·

113 1524 260 1597 dimicari
269 1527 538 1598 finesevoluerat.
590 1527 748 1597 Inflantur
758 1530 941 1623 atqueinci·
991 1550 1014 1611 ε

110 1642 222 1699 tantur
231 1628 482 1699 hostiumanimi
499 1627 780 1724 secundoproclio,
794 1629 939 1725 principe

109 1731 148 1799 &
165 1726 316 1826 praefedto
332 1734 514 1803 Remorum
529 1727 711 1803 interfodio.
761 1727 862 1799 nostri
877 1728 935 1825 de·
985 1760 1004 1821 7

108 1832 268 1899 trimento
288 1822 532 1915 admonentur,
558 1831 742 1926 diligentius
761 1828 943 1928 exploratie'

107 1932 193 2003 locis
202 1930 347 2003 stationes
356 1932 545 2028 disponere,
560 1957 595 2005 ac
605 1934 800 2005 moderatius
814 1930 935 2002 ceden-

109 2047 180 2103 tem
196 2030 317 2128 inse'qui
339 2033 477 2103 hostem.
579 2037 660 2104 Non
680 2036 936 2107 intermittuntur
973 2058 1065 2133 xm

111 2132 247 2205 interim
271 2133 457 2228 quotidiana
477 2133 589 2231 proelia
605 2138 639 2204 in
654 2134 828 2232 conspediu
841 2151 935 2206 vtro·

105 2259 247 2330 rumque
266 2235 459 2321 castrorum,
474 2261 544 2330 quae
558 2236 599 2305 ad
624 2238 703 2307 vada
724 2240 936 2333 transitusque
956 2258 962 2267 '
1081 2280 1084 2285 ·

105 2336 228 2408 fiebant
254 2338 389 2432 paludis.
440 2363 503 2433 qua
529 2342 738 2409 contentione
761 2341 932 2427 Germani,
984 2388 1002 2429 2
1067 2398 1073 2405 .

105 2430 930 2535 quosproptereaCaesartransduxeratRhe'nurn,vt
953 2498 1016 2537 ..ῃ

105 2539 267 2635 equitibus
286 2542 462 2638 interposrti
475 2540 697 2639 proeliarentur
710 2591 721 2628 ,
746 2565 821 2612 cum
844 2564 930 2611 con·
1009 2542 1018 2555 '
1048 2558 1051 2563 '
1102 2542 1106 2547 ’

102 2642 236 2713 stantius
245 2645 380 2713 vniucrsr
389 2634 539 2740 paludem
547 2640 736 2725 tranfiffent,
753 2645 926 2738 paucisque

101 2741 315 2813 resistentibus
337 2743 536 2821 interfedtis,
560 2748 747 2840 pertinacius
768 2744 944 2836 reliquam·

100 2842 343 2916 multitudinem
365 2844 462 2918 effent
483 2845 611 2916 insecuti
634 2896 644 2929 ,
680 2847 836 2941 perterriti
856 2867 926 2929 nou

100 2942 207 3015 sotum
217 2949 259 3033 ii,
274 2950 390 3042 quiaut
402 2951 549 3018 cominus
569 2947 853 3045 opprimebantur,
870 2959 926 3013 aut

98 3052 228 3117 eminus
237 3048 487 3120 vulnerabantur
503 3078 514 3136 3
531 3047 709 3129 sedetiam,
725 3052 780 3142 qui
795 3048 925 3140 longius

95 3145 260 3219 subfidiari
292 3151 556 3235 consueuerant,
588 3155 720 3246 turpiter
751 3146 923 3243 fugerunt3

94 3274 155 3319 nec
172 3253 258 3345 prius
279 3249 377 3323 finem
394 3251 477 3348 fuga
501 3251 676 3331 fecerunt,
700 3249 778 3345 sape
803 3249 921 3318 amissis
971 3296 986 3350 3

94 3349 312 3450 superioribus
320 3353 417 3444 locis,
428 3380 532 3453 quarn
542 3353 572 3426 se
581 3357 674 3422 autin
687 3353 780 3423 castra
788 3350 920 3424 suorum

583 3460 613 3527 T
646 3478 671 3551 4
874 3480 927 3527 re·
