2310 3846
263 124 323 207 ³⁶8
474 125 531 182 ua
549 126 690 183 numo
718 128 863 189 civim

262 233 332 315 eti,
365 256 438 301 cum
454 229 551 303 essent
570 238 653 306 inter
675 234 808 305 flumina
836 236 926 321 duo,
940 238 1074 311 Sicorim

262 338 295 403 δε
317 338 454 428 Cingam
471 334 602 431 ,lpotio
626 336 764 406 millium
789 362 866 407 xxx
879 386 891 424 ,
924 354 1074 414 neutnrttt

261 434 380 504 horum
396 440 519 505 transiri
532 454 656 533 poterat
669 464 680 521 5
706 434 940 534 necetlarioque
961 466 1075 511 omnes

260 536 309 604 liis
323 536 473 631 angustiis
491 537 745 610 continebantur.
796 564 899 632 neque
920 544 1074 627 ciuitates,

258 660 329 731 quae
340 642 379 706 ad
390 637 516 706 Caesaris
528 644 698 708 amicitiam
708 637 909 723 accellerant,
927 638 1072 713 frumeu-

256 736 516 835 tumsupportare
534 771 545 827 3
562 744 715 835 nequest,
730 744 786 833 qui
801 740 985 835 pabulatum
996 743 1073 813 lon·

256 844 326 933 gius
341 841 492 936 progrelli
505 857 613 925 erant,
628 841 784 910 interclusi
800 842 1006 918 fluminibus,
1021 868 1071 914 te·
1101 880 1103 885 ·

256 944 339 1009 uerti
356 969 366 1026 5
388 966 491 1035 neque
506 946 638 1010 maximi
651 946 838 1022 comitatus,
855 946 910 1037 qui
927 968 967 1014 ex
981 944 1069 1015 ltalia

258 1040 425 1135 Galliaque
441 1042 674 1126 veniebant,in
688 1044 784 1111 castra
800 1048 967 1139 peruenire
976 1059 1069 1140 pote·

192 1152 206 1207 5
253 1157 335 1210 rant.
386 1160 512 1238 ternpus
535 1158 601 1213 erat
622 1140 846 1213 difficillimum
876 1170 944 1231 quo
965 1169 1069 1241 neque

252 1240 415 1313 frumenta
425 1248 457 1312 in
472 1244 578 1313 herbis
593 1259 697 1326 erant,
712 1270 816 1337 neque
827 1246 1067 1317 multumama·

252 1348 378 1413 turitate
394 1344 524 1413 aberant
543 1375 551 1415 ε
571 1370 607 1413 ac
621 1348 761 1414 ciuitates
775 1350 964 1431 exinanitae,
978 1344 1065 1442 quod

249 1442 402 1516 Afranius
417 1470 505 1541 pane
518 1471 618 1516 omne
633 1446 832 1515 frumentum
847 1464 921 1518 ante
939 1447 1064 1518 Caesaris

247 1546 568 1617 aduentumllerdam
585 1562 777 1616 conuenerat
791 1565 802 1631 ;
820 1548 934 1642 reliqui
950 1548 974 1619 fi
989 1548 1063 1644 quid

243 1644 371 1736 fuerat,
395 1646 498 1718 Cacsar
513 1646 724 1744 superioribus
739 1647 850 1717 diebus
862 1648 1065 1747 consumple·.

174 1761 193 1817 6
244 1764 309 1820 rat:
360 1747 1060 1845 pecora,quodsecundumpoteratell'eino-

244 1847 481 1946 piaesubsrdium
495 1894 505 1927 ,
520 1864 649 1945 propter
657 1849 776 1919 bellum
791 1848 935 1920 finitima
951 1855 1059 1921 ciuita-

177 1974 195 2035 γ
242 1968 288 2020 tes
304 1952 433 2044 longius
446 1967 665 2019 remunerant:
712 1954 767 2044 qui
785 1967 873 2020 erant
888 1951 1059 2047 pabulandi

241 2065 295 2121 aut
307 2048 525 2120 frumentandi
538 2046 637 2119 caulla
653 2048 825 2145 progrelli,
839 2052 900 2122 hos
914 2053 993 2124 leuis
1006 2078 1060 2123 ar·

242 2167 371 2223 matura
380 2151 513 2221 Lufitani
526 2154 682 2248 peritique
697 2176 804 2221 earum
819 2160 990 2246 regionum
1003 2162 1057 2225 ce-

240 2257 314 2322 trati
330 2256 481 2325 citerioris
501 2252 675 2348 Hispania,
691 2253 969 2339 consectabantur,
984 2260 1055 2349 qui·

241 2353 301 2423 bur
310 2353 522 2451 eratprocliue
528 2402 541 2441 ,
554 2370 713 2433 transnare
720 2355 842 2425 flumen
857 2385 867 2443 5
884 2356 1054 2450 quodcon·

177 2468 182 2475 '
239 2454 374 2526 suetudo
381 2480 494 2527 eorum
508 2460 655 2530 omnium
669 2456 730 2537 est,
746 2473 781 2526 vt
797 2457 860 2526 fine
876 2457 998 2527 vtribus
1013 2456 1053 2528 ad

101 2572 210 2631 xllx
238 2560 410 2629 exercitum
426 2582 494 2628 non
509 2572 592 2628 eant.
690 2561 734 2626 At
752 2565 903 2629 exercitus
923 2555 1050 2629 Afranii

942 2684 1049 2729 omni·

173 2760 178 2773 .
231 2808 259 2858 4.
272 2787 383 2842 maximi
396 2784 545 2849 comitatus,
560 2783 618 2855 qui]
632 2780 788 2834 Comitatus
803 2777 840 2831 cst
848 2774 944 2863 turba,
960 2777 997 2834 ad
1005 2796 1050 2834 tu-

273 2870 330 2925 tius
348 2869 399 2923 iter
420 2862 579 2937 faciendum
596 2859 660 2918 belli
676 2858 1049 2939 temporibus,congregata,

272 2952 392 3009 maxime
407 2966 437 3006 vt
452 2964 620 3007 commeatus
636 2949 666 3002 in
680 2947 834 3003 amicorum
849 2945 933 3002 castra
954 2945 1048 3004 adfer·

272 3054 342 3096 rent.
735 3088 745 3105 ,
951 3030 954 3035 ’

229 3141 253 3201 7.
275 3122 373 3178 cetrati
387 3117 517 3176 c‘uerioris
530 3110 679 3193 Hispania]
700 3128 795 3171 CETR
805 3130 843 3180 Α,
865 3115 962 3173 Seruio
976 3113 1045 3187 defi.

272 3205 478 3261 nienreintten.
497 3219 558 3270 vir,
574 3222 622 3277 732,
639 3198 676 3256 est
676 3193 780 3270 scutram
788 3202 902 3267 loreum,
918 3186 1046 3277 q'qussi

271 3292 303 3349 ἐς
315 3284 428 3363 Hispani
440 3300 560 3342 criuntur.
600 3288 672 3343 Hinc
687 3287 783 3339 cetrati
798 3282 898 3340 milites
914 3302 973 3339 non
983 3268 1044 3340 tari-

269 3390 331 3428 tum
352 3371 485 3427 citerioris
504 3364 652 3449 Hispania,
674 3388 769 3428 verum
792 3369 875 3429 etiam
892 3366 1044 3428 -vlrerioria

254 3452 343 3539 serr*
358 3470 413 3537 ‘rt
422 3473 448 3532 39
455 3448 522 3527 sta.
529 3473 548 3512 1·
