2310 3846
238 119 283 187 ῃ
384 182 385 186 Ν
478 108 535 164 on
555 108 702 167 uento
722 105 859 171 clun?

238 217 391 287 omnium
405 214 750 311 mentcsrsommaque
763 217 902 288 alacritas
917 219 952 288 &
969 211 1083 314 'cupi-·

21 396 27 403 ,
99 316 103 321 ’
166 328 192 389 'a
238 314 318 387 ditas
334 317 410 389 belli
418 318 550 413 gerendi
559 319 753 390 innatacstz'
782 323 990 416 princepsque
1006 319 1098 413 de-‘

240 423 323 491 cima
337 421 423 515 legio
440 446 497 516 per
514 419 660 490 tribunos
682 419 822 492 militum
842 427 871 493 ei
892 428 1006 518 gratias
1024 414 1063 494 e·

183 526 184 532 ’
239 527 307 617 git,
322 523 410 619 quod
429 524 469 594 de
485 521 516 592 se
523 524 684 618 optimum
692 523 844 593 iudicium
861 519 997 601 facilia,
1013 523 1062 594 sc·

239 649 304 718 que
311 621 419 696 etle‘ad
427 624 546 696 bellum
554 624 732 718 gerendum
747 624 971 722 paratiffimam
987 651 1063 696 con·
1094 646 1098 653 ·

174 740 191 798 3
225 725 388 815 firmauit.
446 726 562 797 deinde
584 725 712 821 reliquae
726 727 872 823 legiones
885 749 942 824 per
958 726 1061 796 tribu-

233 852 295 901 nos
311 829 451 898 militum
468 830 502 898 δε
523 835 705 924 primorum
724 828 877 900 ordinum
899 832 1077 917 centurio-¹

219 951 290 1000 mes
304 945 437 1023 egerunt
442 933 508 1017 ,vti
526 930 639 998 Calari
651 927 879 1000 satisfacerent:
907 927 1061 1024 seneque

44 1091 48 1099 .
137 1054 140 1065 ⁴
233 1053 389 1126 umquam
410 1025 590 1118 dubitasse,
604 1054 709 1125 nequo
721 1025 879 1116 timuille,
898 1056 1003 1128 neque
1020 1031 1063 1101 dc

233 1129 359 1202 summa
375 1131 451 1202 belli
466 1130 558 1202 suum
579 1131 755 1218 iudicium,
776 1130 831 1204 scd
858 1136 1061 1230 imperatoris

164 1269 187 1328 4
236 1229 542 1320 elle,existimauille.
569 1232 915 1305 Eorumsatisfatlione
923 1251 1058 1334 accepta,
1100 1274 1102 1279 ·

233 1338 269 1405 &
283 1336 398 1407 itinere
411 1334 566 1431 exquisito
574 1360 630 1432 per
643 1339 856 1418 Diuitiacum,
873 1339 964 1432 quod
980 1364 1061 1409 exa·

234 1436 286 1507 liis
299 1440 398 1510 Gallis
411 1441 441 1510 ei
464 1439 640 1508 maximam
654 1432 755 1510 fidem
771 1439 924 1521 habebat,
941 1440 1058 1512 vtmil·

232 1538 314 1610 lium
330 1542 467 1636 amplius
484 1536 693 1634 quadraginta
707 1545 838 1610 circuitu
851 1541 928 1610 locis
943 1545 1058 1637 apertis

216 1636 564 1722 ‘exercituinduceren
615 1640 656 1710 de
676 1641 928 1737 quartavigilia,
943 1647 988 1710 vti
1006 1643 1057 1712 di-

164 1761 182 1843 '5
230 1760 335 1827 xerat,
352 1742 515 1841 profectus
529 1741 608 1825 estu
640 1746 786 1840 Septimo
802 1742 873 1829 die,
897 1767 972 1812 cum
994 1746 1065 1823 itct¹

228 1870 300 1916 non
320 1847 566 1926 intermitteret,
589 1842 629 1913 ab
659 1843 916 1942 exploratoribus
937 1848 1054 1923 certior

225 1941 330 2016 factus
344 1947 414 2032 est,
436 1944 590 2016 Ariouisti
607 1950 713 2041 copias
730 1971 748 2015 a
771 1945 887 2014 nostris
911 1945 1056 2016 millibus

96 2079 170 2141 χω
228 2044 375 2146 palluum
390 2073 431 2119 ιν
444 2051 479 2118 &
492 2072 542 2118 xx
556 2041 670 2116 abelle.
821 2049 968 2141 Cognito
983 2051 1057 2117 Car-

161 2176 168 2221 :
228 2149 303 2222 saris
317 2151 481 2232 aduentu,
497 2147 676 2218 Ariouistus
692 2145 815 2242 legatos
831 2147 870 2216 ad
886 2172 961 2219 eum
979 2152 1057 2225 mit·

228 2257 284 2320 tit:
315 2252 404 2348 quod
419 2265 510 2321 antea
521 2249 562 2319 de
574 2247 743 2343 colloquio
752 2247 949 2345 postulallet‚
955 2250 1057 2346 idper

229 2352 262 2425 se
270 2353 609 2447 lierilicetejquoniam
616 2354 749 2447 propius
765 2347 946 2424 acceffiffet:
959 2352 1056 2447 seque

163 2489 180 2532 2
231 2455 265 2526 id
284 2455 348 2524 fine
362 2453 506 2552 periculo
515 2450 620 2522 facere
636 2447 724 2549 pollo
733 2453 932 2526 existimaret.
959 2467 963 2479 ‘
983 2463 1055 2527 non

226 2554 345 2653 respuit
357 2555 579 2632 conditionem
592 2553 711 2623 Caesar:
726 2557 856 2650 iamque
869 2580 944 2627 eum
959 2554 1056 2625 adsa-

107 2665 112 2674 '
230 2662 363 2729 nitatem
378 2660 493 2728 reuerti
507 2653 736 2740 arbitrabatur5
751 2681 826 2730 cum
835 2661 867 2727 itl
875 2707 887 2744 ,
900 2658 1055 2752 quodan-

167 2773 184 2835 ³
230 2774 281 2831 tea
294 2751 932 2857 petentidenegassetultropolliceretur:
984 2783 1054 2828 ma·

939 2884 1055 2953 gnam-

137 3029 140 3037 .
228 2987 255 3043 C
264 3001 317 3042 ΑΡ.
328 2999 402 3043 xm.
416 3005 437 3059 3.
452 2985 597 3061 primorum
609 2985 727 3040 ordinum
733 2985 917 3060 centuriones]
931 2985 970 3039 Vt
978 3001 1057 3042 erant

272 3070 400 3128 centurio
416 3069 499 3146 primi
514 3067 575 3147 pili,
584 3069 690 3144 primus
708 3067 853 3146 princeps,
876 3067 982 3145 primus
1003 3067 1053 3126 ha-

273 3153 367 3212 status.
407 3152 510 3234 Liplius
526 3171 559 3211 11.
573 3152 636 3210 Mil.
650 3157 685 3218 R.
698 3163 720 3219 8.
740 3144 744 3151 ’

226 3244 319 3301 Cau.
332 3256 448 3299 xmnn
478 3234 687 3320 adfinitatem]
702 3235 794 3307 idest,
810 3233 846 3293 acl
858 3235 1054 3297 melicraton·

246 3402 249 3407 Ι
274 3323 340 3382 silla.
363 3327 526 3386 Ciceroxu
539 3321 615 3400 cpill.
632 3341 651 3384 x
673 3317 737 3385 sect.
752 3345 762 3383 1
779 3323 840 3404 pati
854 3322 1001 3386 tralatione
1017 3326 1059 3383 ad

261 3406 413 3486 [uitatem
429 3417 520 3491 redire
539 3407 619 3470 dixit·
856 3427 864 3441 ·
