2310 3846
402 136 534 195 imin
576 135 648 193 ri,
695 205 703 215 ³
800 132 803 139 ·
857 132 922 218 '40³

94 241 280 329 nentiores,
305 241 360 333 qui
382 245 514 310 extremi
531 245 664 336 parietes
685 235 920 325 erant‚effece·

90 355 188 426 tunt,
213 358 247 410 vt
275 340 375 423 esset,
399 340 454 411 vbi
478 356 664 436 tegumenta
685 340 921 437 praependerb

94 438 239 540 possent,
253 443 293 512 ad
308 440 529 514 defendendos
545 443 636 519 idus,
650 466 685 512 ac
699 441 920 539 repellendos,

92 545 175 613 dum
196 548 279 613 inter
303 569 373 615 earn
404 547 681 639 contignationem
703 549 834 640 parietes
855 568 917 615 ex·

94 645 314 715 struerentur:
347 669 481 739 eamque
508 644 802 716 contabulationem
828 642 916 716 surn-

95 771 183 818 mam
196 746 346 827 lateribus
364 745 499 839 lutoque
511 746 753 817 constrauerunt
761 772 823 834 ,ne
836 742 917 841 quid
966 778 970 785 ·

94 850 179 943 ignis
198 848 340 917 hostium
354 872 471 920 nocere
490 842 613 945 poffet:
633 861 847 943 centonesque
865 848 921 915 in-
1058 854 1061 859 '

93 948 188 1045 supet
206 953 404 1035 iniecerunt5
425 973 467 1018 ne
483 963 537 1018 aut
553 948 628 1035 tela,
637 952 803 1019 tormentis
817 942 921 1033 missa,

95 1050 326 1121 tabulationem
339 1047 572 1146 perfringerent
593 1100 604 1136 ,
628 1066 683 1119 aut
695 1047 765 1120 saxa
781 1074 821 1121 ex
834 1064 920 1123 cata·
994 1070 998 1077 '

96 1150 191 1249 pultis
201 1152 370 1225 lateritium
386 1149 584 1221 discuterent.
634 1151 743 1222 storias
758 1166 920 1223 autemex
970 1190 994 1249 4

95 1250 229 1323 funibus
243 1256 412 1321 ancorariis
426 1267 504 1332 tres,
514 1258 547 1326 in
560 1250 800 1348 longitudinem
814 1255 918 1349 parie-

97 1353 359 1439 tumturrisiaras
383 1378 425 1422 tv
444 1353 541 1449 pedes
562 1350 725 1425 fecerunt:
749 1375 864 1450 easque
878 1378 920 1435 ex¹

95 1479 152 1527 111
176 1454 411 1550 partibus‚quae
426 1453 466 1522 ad
481 1454 588 1523 hostes
609 1454 812 1549 vergebant,
834 1460 921 1545 emir
1023 1486 1027 1493 ·

95 1556 248 1629 nentibus
262 1553 401 1624 trabibus
421 1557 539 1624 circum
552 1569 671 1639 turrem
680 1554 921 1653 praependentes

95 1656 321 1749 religauerunt.
354 1655 442 1750 quod
475 1679 576 1725 vnum
610 1681 710 1750 genus
742 1662 920 1751 tegumenti

97 1760 167 1830 aliis
195 1757 272 1825 locis
295 1773 383 1826 crant
397 1759 517 1852 experti
530 1757 620 1828 nullo
636 1757 701 1827 telo
725 1782 829 1853 neque
845 1773 920 1830 tot·

96 1875 211 1932 mento
227 1862 361 1928 transiici
380 1856 476 1954 posse.
500 1858 554 1930 vbi
575 1884 654 1931 vero
669 1885 705 1929 ea
720 1885 790 1956 pars
805 1865 919 1947 turris,
968 1898 983 1959 ς

97 1985 169 2056 quar
184 1976 249 2029 erat
265 1956 433 2054 perfetta,
459 1961 538 2031 tecta
560 1975 653 2056 atque
670 1965 792 2032 munita
812 1961 857 2032 est
878 1962 919 2035 ab
978 1981 981 1985 ’

97 2068 191 2133 omni
212 2063 275 2128 tttu
296 2061 456 2149 hostium5
475 2061 598 2157 pluteos
614 2063 653 2132 ad
668 2063 727 2133 alia
742 2089 839 2160 opera
861 2064 922 2135 ab·

97 2163 280 2237 duxerunt:
304 2167 397 2232 turris
410 2165 530 2232 testum
546 2188 602 2261 per
619 2161 649 2235 se
664 2162 765 2261 ipsum
779 2165 922 2263 prehen-

97 2264 240 2335 srooibus
253 2287 292 2335 ex
311 2269 553 2360 contignatione
568 2268 672 2357 prima
686 2261 872 2364 suspendere
883 2291 920 2339 ac

56 2380 59 2385 '
858 2368 924 2439 tol·

140 2491 407 2555 tabrrlatiovotetut,
426 2489 468 2543 cui
478 2487 558 2555 atses,
574 2489 771 2566 quamasseres,
783 2496 924 2567 aptiores:

136 2570 312 2632 nifiverbtam
322 2574 438 2648 religare
453 2569 581 2629 asseribus
596 2575 684 2651 magis
697 2578 839 2632 conuenit.
882 2579 923 2635 At

140 2654 313 2717 omneslibri
328 2674 445 2719 veteres,
461 2654 665 2734 eriamsctiptus
682 2659 774 2728 Bruti,
790 2662 921 2737 affitibus.

139 2740 313 2801 Assesautem
328 2737 494 2796 sunttabulae
509 2767 519 2820 3
537 2739 645 2809 afferes,
664 2741 754 2799 trabes
768 2744 921 2824 fininqua·

139 2827 180 2883 les
197 2821 350 2883 transuersae
365 2827 394 2880 in
411 2825 488 2905 tcdtis
504 2824 634 2883 sustinent
645 2827 760 2905 tegulas.
802 2828 876 2888 vide
891 2832 922 2889 δι

147 2910 225 2985 supra
234 2932 257 2968 c.
268 2932 280 2967 z
290 2907 351 2966 sect.
360 2929 380 2966 2.

97 3017 126 3071 4
133 2995 233 3075 storin
248 3011 334 3052 autem
348 3013 382 3050 ex
390 2991 521 3071 fundus]
535 3010 565 3050 vt
572 2992 708 3053 firmiores
717 2995 798 3054 essent
804 3034 814 3066 ,
829 3017 862 3054 ex
878 2997 923 3056 fu·
1024 3016 1029 3031 ·

94 3122 104 3143 .
141 3078 224 3136 nibus
234 3076 447 3138 contexebantur
460 3103 470 3142 :
484 3077 549 3133 alias
561 3097 594 3135 ex
608 3082 692 3137 iunco
703 3099 751 3137 aut
765 3079 846 3139 fimili
862 3103 921 3143 ma·

143 3169 221 3222 teria.
262 3165 428 3223 Leuiaenim
439 3163 467 3218 dt
475 3162 540 3219 vilia
551 3181 707 3240 tegumenta
715 3163 785 3222 sunt.

98 3268 120 3325 ς.
131 3250 256 3327 pluteos]
276 3247 433 3319 machinas,
450 3245 550 3325 quibus
564 3250 593 3303 in
607 3266 692 3325 opere
712 3248 814 3306 milites
827 3266 925 3330 tegan-

146 3352 200 3396 tur.
941 3386 945 3394 .

92 3419 324 3498 prehenfivnibau]
338 3418 429 3474 Etiam
440 3412 585 3475 Prehenfio
598 3434 684 3495 genus
697 3415 848 3489 machinae,
864 3438 924 3500 quo
969 3484 976 3498 ·

611 3504 702 3567 Cr:

543 3608 628 3777 'ib
