2310 3846
214 150 277 226 308
450 144 507 207 DE
527 148 667 207 nmo
693 145 819 204 nuni„

212 250 333 315 timore
341 256 395 315 aut
405 243 600 320 detrimento
614 250 806 343 prouincia,
821 268 941 341 magna
956 244 1042 321 infa-

211 349 296 429 mia,
319 347 520 443 perditorum
537 350 712 418 hominurn
736 348 910 416 latrociniis
917 397 930 434 ,
948 374 1042 447 cape·

65 452 178 539 {XXI
208 461 308 517 retur.
391 520 395 525 ,
412 452 450 521 C.
468 449 580 519 Fabius
607 474 682 519 curn
698 450 823 544 reliquo
847 456 992 520 exercitu
1009 456 1042 522 in

209 552 368 619 Carnutes
379 549 580 646 reliquasque
588 549 793 647 proficiscitur
802 554 1041 647 ciuitates,qua·

59 733 69 751 ἒ
209 674 283 721 rum
298 676 340 721 eo
356 652 490 745 proelio,
507 652 598 746 quod
618 677 694 723 cum
710 656 882 721 Dumnaco
899 649 1039 740 fecerat,

56 764 72 835 Ἀ,
145 764 161 802 ²
208 755 317 847 copias
325 749 503 824 ell'eaccitas
512 753 637 825 sciebat.
684 755 851 822 nonenim
860 754 1039 843 dubitabat,

208 860 289 948 quin
303 860 422 925 recenti
446 856 623 925 calamitate
637 852 853 925 submisfiores
868 853 967 925 ellent
982 854 1039 924 fu·

206 969 313 1040 tura,
338 956 414 1025 dato
440 982 522 1029 vero
546 954 647 1051 spatio
671 981 707 1023 ac
722 972 891 1052 tempore,
916 956 1035 1027 eodem

143 1066 156 1124 3
205 1056 340 1125 instante
355 1064 546 1141 Dumnaco,
570 1053 693 1152 pollent
707 1061 871 1126 concitari.
922 1063 1034 1151 quain

205 1176 241 1225 re
247 1152 370 1225 summa
380 1154 511 1227 felicitae
518 1157 722 1252 celeritasque
733 1164 768 1227 in
783 1161 973 1252 recipiendis
988 1164 1033 1229 ci·

204 1258 354 1325 nitatibus
371 1259 503 1330 Fabium
528 1258 743 1352 consequitur.
764 1284 839 1328 narn
857 1263 1032 1344 Carnutes,

99 1346 104 1357 ’
206 1358 1030 1457 qui,saepevexuti,numquampacisfecerantmcn.
1069 1346 1071 1417 f

204 1462 357 1546 tionem,
381 1464 461 1531 datis
476 1461 662 1545 obsidibus,
688 1467 822 1533 veniunt
843 1470 877 1531 in
893 1462 1031 1535 deditio·
1070 1540 1072 1545 ,

132 1566 153 1623 4
204 1568 308 1650 nem,
359 1582 533 1659 ceteraeque
558 1568 717 1646 ciuitates,
734 1564 840 1658 politae
857 1568 891 1633 in
911 1565 1031 1641 ultimis

202 1664 313 1735 Galliae
330 1662 902 1757 finibus,·Oceanoe0niun6tae,'quae
909 1670 1031 1739 Armo-

200 1769 273 1837 ricae
289 1765 512 1860 appellantur,
534 1765 722 1832 auctoritate
737 1762 881 1832 addustae
900 1771 1032 1839 Carnu·

200 1864 530 1946 tum,aduentuFabii
540 1861 772 1960 legionumque
781 1867 1032 1959 ,imperatasme

131 1980 147 2039 5
198 1962 430 2037 morafaciunt.
475 1961 1034 2060 Dumnacus,suisfinibusexpulsur,

199 2090 306 2139 errans
314 2064 521 2160 latitansque,
538 2064 623 2137 solus
631 2079 788 2135 extremas
798 2064 909 2135 Galliae
923 2075 1033 2164 regio·

197 2192 256 2239 nes
272 2181 379 2263 petere
392 2164 582 2241 coattusest.
682 2170 727 2236 At
742 2171 880 2262 Drapes,
899 2194 1030 2265 unaque
1064 2168 1067 2173 ’

35 2268 170 2341 XXXII
197 2272 372 2354 Lucerias,
395 2294 470 2341 cum
489 2269 634 2365 legiones
658 2272 897 2363 Caniniumque
922 2269 1029 2347 adelle
1067 2334 1074 2353 .

200 2370 450 2465 cognoscerent,
464 2396 523 2443 nec
530 2370 561 2442 se
570 2370 634 2443 fine
642 2386 724 2442 certa
741 2374 900 2467 pernicie,
916 2372 1029 2467 perse·

196 2489 316 2567 quente
324 2479 474 2558 exercitu,
487 2490 633 2570 putarent
640 2476 812 2570 prouincia
819 2470 898 2542 fines
907 2477 1028 2547 intrare

194 2570 302 2671 polle,
319 2574 733 2671 neciamliberamvagandi
748 2574 1024 2670 latrocinandique

196 2672 379 2747 facultatem
387 2676 562 2765 haberent,
575 2676 788 2749 consistuntin
797 2679 879 2770 agris
895 2675 1022 2745 Cadur·

132 2782 147 2823 ²
194 2800 320 2849 corum.
353 2777 482 2849 lbicum
498 2784 640 2849 Luterius
649 2778 733 2875 apud
742 2775 1021 2872 suosciuecquon·

195 2878 272 2950 darn
281 2926 293 2965 ,
310 2882 442 2972 integris
457 2878 569 2955 rebus,
593 2878 731 2951 multum
746 2874 918 2975 potuillet,
935 2876 1022 2950 lem·

193 3004 315 3076 perque
323 2982 435 3053 auctor
450 3004 616 3052 nouorum
630 2978 843 3050 consiliorum
863 3002 1020 3075 magnam

192 3084 277 3176 apud
291 3080 441 3152 barbaros
450 3083 670 3153 auctoritatem
678 3080 810 3150 haberet
824 3108 836 3166 3
855 3080 1019 3177 oppidum

192 3182 454 3270 Vxellodunum,
470 3183 559 3280 quod
581 3188 617 3255 in
630 3182 775 3256 clientela
798 3179 902 3251 fuerat
927 3187 1017 3272 eius,

953 3310 1017 3358 na-

184 3414 269 3472 Cnu.
289 3428 408 3471 xxxrr.
428 3432 440 3470 2
470 3412 587 3491 uppidrnn
597 3412 801 3491 Vxellodunum]
819 3387 1015 3480 Cadurcorum

225 3492 829 3579 hocoppiduruiquuirauiccitcriorcfiiir.
