2310 3846
385 112 581 184 eruunt.
743 208 746 213 Ι
826 120 893 211 3⁶9

58 229 210 301 omnium
221 249 328 297 rerum
345 224 526 297 abundabat
542 226 635 321 copia
643 273 656 312 ‚
672 222 811 296 multum
820 242 893 296 erat

57 330 262 402 frumentum
277 328 441 424 prouisum
451 375 465 425 ,Ι
482 332 515 397 &
531 329 725 397 cunuectum
745 325 890 422 superio-

56 429 356 525 ribustemporibus
372 430 535 505 :multum
558 454 597 499 ex
614 434 705 498 omni
722 433 888 525 prouincia

58 533 322 630 comportabatur
342 560 351 607 :
376 548 498 623 magna¹
510 534 601 624 copia
617 530 725 625 pabuli
741 524 898 626 suppetess

60 632 126 705 bat‘.
172 629 886 704 harumrerumomniumfacutratesfinevllo
945 658 961 699 a

59 736 204 832 periculo
229 758 314 831 pons
330 734 439 804 Ilerdae
463 732 642 830 praebebat,
666 730 787 802 &ioca
803 752 888 803 trans
965 770 968 779 ·

57 838 182 907 flumen
196 843 336 932 integra,
352 861 418 929 quo
433 840 571 927 omnino
594 834 697 905 Caesar
716 835 802 905 adire
818 860 888 905 non
974 842 977 847 '

57 955 199 1036 poterat.
298 943 348 1006 Eae
364 936 700 1031 permanseruntaquae
713 935 778 1005 dies
794 960 885 1007 com·
943 934 968 1011 't

59 1042 178 1138 plures.
202 1052 335 1109 conatus
345 1039 388 1109 est
397 1037 499 1107 Caesar
512 1036 640 1107 reficere
653 1060 769 1133 pontes
789 1067 796 1108 :
830 1036 886 1111 sed

59 1166 120 1212 nec
128 1140 319 1235 magnitudo
331 1141 474 1209 fluminis
489 1138 711 1237 permittebat,
724 1163 831 1233 neque
845 1139 887 1210 ad

59 1247 165 1340 ripam
174 1240 330 1338 oisposrtae
341 1242 490 1309 cohortes
506 1239 760 1311 aduersariorum
776 1240 889 1336 perfici
913 1264 918 1283 ⁴
942 1242 968 1265 '⁴
1102 1324 1105 1331 Ι

60 1345 282 1441 patiebantur:
334 1341 425 1434 quod
440 1340 499 1410 illis
515 1342 687 1435 prohibere
702 1361 768 1413 erat
782 1339 888 1429 facile,
937 1362 954 1409 a
1015 1386 1018 1395 ·
1101 1348 1105 1371 ¹

22 1474 25 1479 ·
61 1461 133 1515 tum
143 1442 385 1540 ipsrunsfltrminis
397 1456 506 1509 natura
515 1456 610 1533 atque
624 1467 713 1535 aquae
727 1448 890 1537 magnitu-

61 1546 139 1617 dine
148 1592 160 1630 ,
176 1562 245 1613 tum
255 1542 343 1638 quod
353 1568 391 1612 ex
399 1546 706 1638 totisripisin'vnum
723 1560 816 1639 atque
832 1570 891 1615 an·

60 1648 192 1743 gustum
211 1646 320 1715 locum
345 1643 405 1714 teia
432 1643 650 1727 iaciebantur3
700 1642 795 1738 atque
824 1658 892 1717 erat
940 1666 956 1729 ς

60 1747 213 1833 difficile,
236 1746 353 1816 eodem
367 1750 518 1843 tempore
539 1741 735 1841 rapidiffit'no
756 1747 891 1819 flumine
1108 1738 1123 1831 i

61 1866 162 1946 opera
179 1848 349 1946 perficere,
376 1851 410 1916 &
424 1847 485 1918 teia
501 1850 610 1918 vitare.
711 1851 890 1920 Nuntiatur
906 1904 927 1931 k
946 1852 1007 1913 Η·
1122 1870 1127 1929 '÷

60 1948 220 2034 Afranio,
235 1975 371 2044 magnos
385 1953 574 2035 comitatus,
587 1952 642 2043 qui
653 1952 713 2021 iter
725 1948 888 2021 habebant
969 1992 972 1999 ·

60 2054 104 2125 ad
114 2048 286 2129 Casuum,
304 2047 667 2138 adflumenconstitiffe,
683 2067 889 2127 veneranteo
931 2042 936 2053 ⁸

61 2153 257 2249 sagittariiex
265 2158 418 2239 Rutenis,
432 2156 554 2247 equites
563 2177 602 2225 ex
612 2154 795 2225 Galliacum
804 2155 890 2225 mul*

61 2260 104 2327 tis
113 2261 205 2325 carris
214 2259 401 2350 magnisque
413 2253 670 2350 impedimentis,
685 2271 719 2323 vt
734 2253 798 2326 fert
809 2256 887 2328 Gal·

61 2355 343 2429 litaconsuetudo.
395 2369 649 2450 erantpraeterea
668 2360 885 2453 cuiusquege·
931 2383 947 2425 a

62 2461 152 2530 neris
161 2457 335 2528 hominum
344 2455 442 2526 millia
452 2458 575 2526 circiter
588 2481 629 2527 vr
642 2481 717 2527 cum
735 2456 831 2529 seruis
843 2459 886 2529 li-

62 2560 214 2655 berisque
233 2589 241 2629 :
259 2556 312 2627 sed
327 2558 433 2627 nullus
450 2556 551 2640 ordo,
574 2557 699 2629 nullum
713 2563 888 2656 imperium

64 2658 892 2758 eertum‚cumsuoquisqueconsrliouteretur‚atque

68 2767 182 2832 omnes
192 2761 256 2832 sme
265 2768 382 2831 timore
390 2759 614 2846 immitterent,
629 2762 686 2831 vsu
694 2760 894 2861 superiorum

68 2878 279 2960 temporum,
311 2878 405 2956 atque
433 2865 582 2935 itineruni
608 2863 743 2937 lieentia.
792 2870 893 2937 Erant
955 2897 971 2959 3

66 2964 249 3061 complures
258 2965 382 3034 honesti
392 2962 821 3052 adolescentensenatorum
833 2964 894 3037 filii

65 3070 103 3139 &
116 3067 266 3163 equestris
275 3066 420 3136 ordinis:
435 3080 524 3137 erant
530 3067 703 3161 legationes
712 3072 893 3157 uiuitatum:

805 3182 897 3241 erant

62 3304 90 3362 C
98 3317 120 3359 Α
129 3316 153 3357 Ρ.
166 3316 232 3355 an
245 3292 631 3376 rfitsa'tperiurumtemporum]
644 3280 687 3355 Εἰς
693 3270 895 3379 aliquanta-s]

107 3381 221 3444 vettius
231 3385 350 3457 correxit
363 3378 562 3455 editorumvfi.

570 3466 629 3538 Aa
