2310 3846
335 101 467 162 ursin
507 100 608 162 viii.
824 118 890 186 299

53 202 158 273 menti
173 225 208 272 ac
221 200 329 300 pabuli
338 209 526 287 ,Romanos
542 201 727 300 pabulatum
737 201 885 278 missuros

53 300 268 399 suspicaretur.
317 329 384 399 quo
400 310 534 398 cognito
549 306 703 382 consilio,
721 306 822 376 Caesar
839 307 886 375 le·
935 323 952 362 ²

55 405 169 498 giones
183 403 288 501 plures
304 452 314 486 ‚
338 430 435 501 quam
452 403 597 487 solebat,
622 405 746 491 educit3
762 411 887 502 equita·

54 519 216 600 tumque,
237 531 301 601 qua
316 504 547 577 consuetudine
557 505 796 601 pabulatoribus
811 512 887 579 mit·

56 619 125 675 tere
143 605 287 702 praesidio
320 606 529 678 consueuerat
542 638 557 690 “,
588 612 759 702 praemittit.
810 608 886 679 huic
937 628 953 685 ι

57 709 232 803 interponit
244 708 360 779 auxilia
375 709 454 781 leuis
471 724 634 779 armaturae
649 706 736 805 :ipse
751 731 826 779 cum
837 708 884 780 lc·
926 738 941 801 '.
1012 742 1015 747 ·

54 808 234 901 gionibus,
261 834 359 903 quam
387 810 493 905 potest
525 812 687 896 maxime,
706 814 886 908 appropin-

53 925 141 1003 quat.
244 910 362 982 Hostes
379 916 413 981 in
425 910 544 980 insidiis
559 909 719 1007 dispositi,
739 936 813 983 cum
827 910 886 981 sibi
918 909 1039 975 XVIII

52 1007 399 1109 delegiffentcampnm
407 1012 447 1083 ad
459 1038 529 1084 rem
537 1011 712 1108 gerendam
728 1036 798 1083 non
814 1032 894 1086 am·'

53 1111 139 1208 plius
150 1127 310 1209 patentem
319 1119 354 1184 in
361 1138 475 1185 omnes
482 1130 588 1212 partes
603 1110 739 1210 palfibus
753 1148 788 1183 oo
803 1163 814 1198 ‚
834 1113 886 1185 sil·

55 1217 107 1284 tiis
130 1213 270 1310 undique
287 1215 559 1313 impeditissimis,
583 1230 637 1285 aut
648 1213 802 1286 altissimo
823 1215 887 1287 flu·
961 1240 965 1245 ·

55 1316 168 1397 mine,
190 1316 279 1387 velut
292 1318 443 1414 indagine
462 1320 643 1402 munitum,
665 1317 752 1389 hunc
768 1316 888 1389 infidiis

55 1417 345 1491 circumdederunt.
408 1410 544 1500 Nostril
558 1416 724 1516 explorato
745 1418 890 1491 bostium
935 1414 976 1469 Γ
1072 1508 1076 1517 .
1116 1494 1119 1501 ,

55 1517 213 1604 consilio,
226 1521 267 1590 ad
277 1519 612 1614 proeliandumanimo
621 1524 818 1615 atquearmis
829 1544 888 1616 pa-

55 1626 146 1707 rati,
169 1644 243 1713 cum
266 1620 526 1715 subsequentibus
548 1621 747 1717 legionibus,
762 1621 886 1693 nullam

56 1721 300 1793 dimicationem
308 1723 502 1809 recusarent,
522 1731 687 1793 turmatim
700 1727 822 1794 ineum
834 1721 886 1793 lo·
908 1764 911 1769 ·

54 1846 136 1893 cum
151 1821 359 1893 deuenerurit.
409 1850 550 1920 quoium
572 1824 712 1896 aduentu
741 1836 816 1897 cum
830 1822 888 1895 libi
943 1844 961 1901 ³
1020 1834 1025 1843 ’

56 1927 202 1994 Correus
211 1923 353 1994 oblatam
362 1926 562 1998 occafionem
571 1926 769 2020 reigerendae
782 1926 887 1998 existi·

56 2038 181 2107 maret,
192 2028 314 2122 primus
329 2052 402 2097 cum
410 2032 514 2124 paucis
528 2025 559 2097 lc
567 2026 722 2114 ostendit,
743 2043 838 2124 atque
850 2031 887 2097 in

56 2129 223 2224 proximas
245 2142 363 2197 turmas
379 2133 536 2226 impetum
552 2127 639 2198 facit.
689 2130 886 2200 nostricon-
932 2140 981 2227 4⁴
1104 2200 1108 2209 ,

61 2228 179 2299 stanter
193 2231 349 2326 impetum
363 2227 763 2316 sustinentinsidiatorum3
780 2252 888 2326 neque
974 2258 984 2279 ³
1009 2240 1022 2289 '-
1036 2256 1046 2295 .·
1070 2256 1100 2305 υ
1126 2272 1131 2289 ·

56 2328 166 2426 plures
189 2333 224 2399 in
238 2354 340 2400 vnum
355 2330 463 2402 locum
480 2336 696 2415 conueniunt,
712 2331 801 2426 quod
816 2331 893 2428 ple·'

58 2456 198 2526 rumque
222 2432 417 2526 equestribus
441 2433 560 2529 pioeliis
579 2457 654 2502 cum
675 2450 806 2531 propter
825 2432 886 2503 ali·

57 2557 158 2626 quem
179 2535 331 2603 timorem
347 2532 478 2617 accidit,
497 2552 563 2604 tum
579 2535 784 2605 multitudino
800 2532 885 2631 ipso·
923 2572 937 2589 ··

58 2659 132 2704 rum
145 2633 374 2729 detrimentum
388 2640 548 2729 accipitur.
651 2642 737 2706 Cum
755 2634 886 2733 dispofi·
914 2633 999 2694 XIX

58 2740 100 2805 tis
118 2734 385 2805 turmisinuicem
402 2741 463 2806 tari
479 2736 717 2830 proeliarentur,
733 2735 889 2832 nequcab-

58 2835 209 2907 lateribus
230 2840 452 2909 circumueniri
470 2837 542 2907 suos
559 2854 739 2935 paterentur
753 2867 763 2924 5
779 2834 887 2908 crum·

60 2952 144 3036 punt
158 2942 285 3022 caeteri,
308 2943 436 3012 Correo
453 2938 637 3035 proeliante,
653 2965 692 3009 eir
708 2939 801 3008 siluis.
849 2939 888 3007 lit
941 2953 957 2992 ²

58 3063 181 3134 magua
194 3044 402 3140 contentione
429 3039 590 3111 diuersum
608 3041 756 3138 proelium
773 3067 784 3126 3
801 3039 891 3136 quod

816 3165 893 3208 cnm

57 3296 83 3350 C
93 3312 107 3349 Α
119 3308 143 3347 1³.
164 3309 256 3354 xvll.
278 3315 291 3362 ἦ
322 3294 505 3348 auxiliatoris
519 3291 684 3363 armatura]
709 3297 738 3343 lu
754 3291 827 3344 MSS.
842 3288 895 3355 ita,

104 3397 224 3453 quorum
249 3378 293 3435 scx
318 3374 489 3437 nominatim
519 3376 612 3435 laudat
644 3369 763 3438 Volsuu.
802 3369 897 3447 sailiti²

10 3448 12 3473 Ι
101 3464 293 3544 prasiiliclai.
